3782 5550
574 473 604 530 P.
624 473 761 531 PAPINII
779 474 898 533 STATII
917 473 1105 532 SILVARVM
1124 474 1137 528 I
1155 475 1242 548 praef.

799 1517 960 1591 LIBER
986 1518 1005 1591 I

602 1691 746 1740 suenus
766 1691 924 1740 suuntur:
949 1691 1014 1742 SVO
1038 1692 1200 1742 SALVTEM

321 1807 393 1905 Diu
407 1835 608 1920 multumque
623 1835 781 1920 rubiani,
799 1834 908 1919 suus„
927 1835 1053 1902 iuuenis
1071 1837 1194 1922 opums
1213 1841 1247 1902 a
1265 1837 1298 1904 tn
1317 1839 1433 1904 snus
1447 1839 1567 1906 nostes

233 1943 498 2026 eminentissime,
522 1964 586 2028 qua
608 1947 701 2028 parte
725 1943 871 2028 uoluisti,
894 1965 935 2008 an
953 1944 1013 2010 hos
1035 1943 1179 2030 libellos,
1203 1944 1257 2030 qui
1281 1945 1362 2010 mihi
1384 1947 1495 2012 subito
1518 1969 1566 2012 oa·

231 2051 300 2117 lore
328 2055 361 2116 et
393 2051 530 2137 quadam
560 2049 734 2116 festinandi
762 2051 932 2136 uoluptate
959 2052 1136 2136 duxerim,
1168 2074 1241 2118 oum
1274 2053 1394 2140 singuli
1427 2053 1465 2119 de
1493 2054 1565 2119 sinu

233 2181 303 2224 meo
327 2181 387 2244 pro
402 2211 542 2225 .......
552 2212 561 2246 ,
583 2163 797 2246 oongregatos
820 2158 890 2244 ipse
914 2159 1120 2226 dimitterem.
1161 2159 1239 2245 quid
1262 2160 1348 2225 enim
1363 2210 1565 2228 ............

232 2288 361 2352 quoque
393 2266 585 2332 euotoritete
616 2264 767 2332 editionis
799 2266 938 2352 onerari,
968 2288 1031 2352 quo
1064 2267 1167 2332 adhue
1200 2289 1260 2352 pro
1289 2266 1454 2333 Thebaide
1486 2291 1565 2355 mee,
1603 2285 1618 2333 5

233 2373 381 2458 quamuis
409 2396 459 2440 me
488 2373 668 2459 reliquerit,
696 2373 817 2438 timeo?
863 2373 919 2438 sed
947 2378 980 2439 et
1004 2373 1148 2441 Culicem
1175 2373 1314 2461 legimus
1337 2379 1371 2440 et
1393 2375 1566 2442 Batraeho·

231 2481 390 2546 maehiam
413 2480 511 2547 etiam
534 2480 738 2568 agnoscimus
765 2503 823 2546 nee
851 2480 1020 2565 quisquam
1045 2485 1096 2546 est
1118 2480 1292 2547 illustrium
1316 2487 1486 2567 poetarum
1509 2483 1565 2569 qui

231 2610 296 2653 non
319 2588 442 2673 aliquid
465 2588 620 2673 operibus
643 2587 710 2654 suis
734 2587 809 2653 stilo
833 2587 1015 2654 remissiore
1039 2587 1239 2674 praeluserit.
1277 2589 1354 2674 quid
1378 2590 1464 2676 quod
1487 2591 1566 2656 haee

231 2718 338 2761 serum
365 2699 435 2761 erat
462 2695 640 2782 continere,
670 2718 743 2761 oum
771 2695 827 2760 illa
856 2717 915 2761 uos
943 2699 1043 2780 certe,
1072 2718 1209 2782 quorum
1236 2697 1350 2763 honori
1379 2697 1454 2763 data
1481 2703 1565 2786 sunt,

230 2802 419 2868 haberetis?
456 2802 512 2868 sed
535 2802 621 2888 apud
645 2805 768 2868 eeteros
791 2824 920 2868 neeesse
943 2807 993 2868 est
1016 2803 1155 2869 multum
1179 2803 1244 2870 illis
1267 2807 1379 2890 pereat
1402 2827 1442 2870 ex
1462 2806 1565 2892 uenia,
1585 2823 1618 2871 10

231 2931 303 2974 oum
327 2909 494 2975 amiserint
517 2931 613 2995 quem
636 2910 738 2975 solam
756 2909 941 2976 habuerunt
959 2911 1098 2998 gratiam
1117 2911 1299 2977 celeritatis.
1335 2911 1460 2977 nullum
1479 2913 1565 2978 enim

231 3039 271 3082 ex
300 3017 366 3082 illis
394 3017 493 3082 biduo
521 3016 652 3105 longius
675 3020 827 3103 tractum,
858 3018 1014 3104 quaedam
1037 3022 1070 3082 et
1097 3018 1130 3083 in
1154 3018 1291 3106 singulis
1315 3018 1429 3085 diebus
1452 3020 1565 3104 effusa3

231 3123 380 3210 quemuis
411 3125 510 3191 timeo
542 3147 583 3191 ne
615 3147 728 3190 uerum
761 3124 844 3191 istuc
876 3148 989 3190 uersus
1022 3147 1149 3211 quoque
1182 3126 1245 3211 ipsi
1278 3126 1316 3190 de
1349 3149 1383 3192 se
1415 3126 1564 3211 probent.

232 3231 356 3317 primus
382 3232 513 3298 libellus
539 3233 587 3318 [l]
611 3237 848 3298 sacrosanctum
871 3233 971 3298 habet
999 3237 1129 3316 testem,
1158 3233 1348 3298 sumendum
1380 3234 1466 3299 enirn
1496 3239 1565 3300 erat

231 3339 261 3403 ‘a
280 3337 356 3404 Ioue
375 3339 592 3425 principium'.
629 3343 759 3405 centum
777 3340 837 3405 hos
857 3363 977 3427 uersus,
1000 3363 1081 3426 quos
1100 3341 1133 3405 in
1152 3362 1271 3425 equum
1295 3341 1471 3406 maximum
1494 3341 1566 3428 feei,
1585 3359 1618 3408 15

230 3445 512 3533 indulgentissimo
537 3447 725 3532 imperatori
753 3451 885 3531 postero
913 3447 964 3513 die
988 3470 1085 3533 quam
1108 3447 1311 3513 dedioauerat
1334 3470 1416 3532 opus
1438 3449 1565 3516 tradere

231 3553 338 3619 iussus
361 3576 440 3619 sum.
478 3553 627 3639 ‘potuisti
651 3553 742 3620 illud’
766 3555 851 3620 dieet
874 3554 991 3640 aliquis
1014 3555 1059 3620 ‘et
1081 3559 1156 3620 ante
1175 3553 1314 3620 uidisse’.
1352 3555 1565 3641 respondebis

231 3660 278 3725 illi
298 3664 345 3748 tu,
363 3661 464 3728 Stella
478 3662 651 3747 carissime,
670 3662 723 3747 qui
744 3661 977 3746 epithalamion
991 3666 1084 3727 tuum
1100 3661 1160 3748 [2],
1175 3662 1260 3747 quod
1274 3661 1355 3727 mihi
1370 3662 1565 3751 iniunxeras,

231 3768 293 3834 sois
317 3768 417 3835 biduo
443 3769 614 3855 scriptum,
642 3769 792 3836 audenter
816 3769 1006 3852 mehereles‚
1034 3769 1089 3834 sod
1112 3774 1314 3836 tercentum
1338 3775 1446 3837 tamen
1469 3771 1564 3838 hexa-

320 3981 465 4018 oecrronrs
484 3981 582 4018 vinus
618 3965 740 4019 'situlum
763 3970 879 4020 testatur
897 3964 933 4016 Δ*
957 3996 990 4004 -
1015 3969 1030 4017 ‘t
1055 3980 1111 4032 qua
1133 3965 1213 4034 peste
1232 3965 1262 4019 et
1277 3965 1318 4017 1¹
1346 3981 1460 4035 quaqua
1483 3968 1564 4037 parte

231 4055 363 4110 Hormina
373 4083 405 4093 -
420 4059 437 4107 4
451 4050 607 4122 prodierint
620 4053 792 4124 suppleuitd
806 4051 976 4123 prodiissent
986 4071 999 4106 ο
1009 4083 1044 4092 -—
1056 4055 1168 4123 oportet
1180 4052 1264 4108 huius
1278 4055 1394 4110 inseruit
1408 4073 1422 4109 o
1436 4057 1565 4112 lacunam

230 4149 316 4198 totum
334 4144 459 4212 (sortasse
472 4159 506 4198 ex
520 4141 556 4194 Β
571 4144 707 4212 testatam)
724 4143 863 4212 suppleuit
876 4144 959 4198 diurn
973 4147 1007 4208 Δ;
1027 4149 1098 4198 certo
1112 4145 1165 4214 topi
1174 4149 1263 4213 potest
1277 4160 1325 4215 op,
1345 4151 1431 4200 cetero
1444 4147 1565 4202 nouimus

230 4234 316 4300 [uisae
330 4247 417 4304 oprer
431 4231 514 4287 huius
528 4238 579 4286 aut
592 4231 654 4304 opis
668 4231 750 4286 huius
765 4264 800 4272 -
815 4237 830 4284 ῠ
845 4247 930 4300 quom
944 4231 1036 4286 adhue
1052 4231 1237 4288 Marum
1251 4263 1284 4274 -
1299 4238 1316 4287 8
1330 4233 1405 4302 quod
1425 4235 1454 4288 et
1472 4251 1564 4289 serum

232 4321 367 4377 Haemus
380 4353 415 4362 -
431 4326 464 4375 13
478 4319 608 4390 quamuis
622 4337 773 4388 muneone;
791 4339 860 4378 corr.
877 4327 894 4376 ς
913 4354 945 4362 -
967 4327 999 4375 15
1019 4323 1131 4376 eentum
1144 4322 1184 4375 1¹
1199 4323 1322 4377 ceterum
1336 4321 1377 4376 1¹
1394 4329 1453 4380 cett.
1473 4342 1490 4376 a
1508 4341 1564 4379 nou

230 4429 300 4467 corr.
315 4443 348 4452 -
369 4415 401 4464 17
420 4409 539 4480 iussum3
558 4409 650 4466 iussus
670 4418 759 4467 sums
779 4443 814 4450 -
834 4416 867 4465 19
882 4411 932 4466 sed
950 4413 1062 4466 tautum
1080 4413 1187 4479 tamem
1211 4429 1279 4468 corr.
1301 4412 1382 4468 Elter
1405 4443 1438 4454 -

320 4607 456 4644 rvcrorms
480 4609 638 4644 rummoaes
680 4589 734 4646 oie.
750 4591 821 4644 orat
837 4589 877 4644 11
903 4589 952 4643 diu
971 4589 1159 4660 multumque,
1178 4590 1277 4661 Brute,
1296 4589 1428 4646 dubitaui
1466 4589 1561 4648 Sidon.

231 4678 336 4750 ep.Vll
350 4685 396 4733 3.1
421 4677 470 4732 diu
493 4679 669 4749 multumque
692 4677 847 4734 deliberani
871 4723 877 4734 .
898 4722 903 4734 .
925 4723 930 4734 .
955 4695 993 4734 an
1017 4679 1201 4748 destinarem,
1228 4679 1312 4735 sicuti
1335 4678 1472 4750 iniungis,
1498 4697 1562 4736 con·

232 4767 462 4838 notatiunculam,
485 4787 556 4838 quas
580 4769 640 4841 ipse
664 4768 771 4823 dictaei
795 4801 828 4811 -
853 4773 886 4822 13
910 4768 1013 4824 Auson.
1029 4769 1110 4840 epist.
1126 4769 1178 4824 XII
1195 4787 1222 4840 p.
1237 4769 1362 4825 eaeor
1398 4769 1563 4838 quadrans

231 4857 287 4929 ipsi
306 4877 356 4928 per
374 4875 404 4913 se
422 4859 584 4928 probabunt
606 4858 682 4912 XXV
697 4877 724 4928 p.
739 4864 824 4915 uwel
859 4875 1031 4928 quemquem
1046 4859 1099 4915 hoo
1112 4857 1168 4930 ipsi
1182 4859 1217 4914 de
1232 4876 1262 4914 se
1279 4857 1441 4930 probabunt
1468 4859 1562 4916 Sidou.

231 4947 404 5020 ep.V119.4
431 4965 503 5018 quae
522 4948 575 5004 hoe
594 4949 629 5004 de
648 4964 677 5002 se
696 4947 799 5018 probat
819 4979 851 4990 -
