3820 5558
838 452 869 507 P.
888 451 1025 508 PAPINII
1043 451 1162 509 STATII

992 723 1009 788 1

609 836 651 936 Si
670 888 784 931 manus
803 869 860 932 aut
878 865 999 932 similes
1019 865 1132 933 docilis
1151 867 1231 932 mihi
1250 867 1372 954 fingere
1391 889 1479 934 ceras

546 977 602 1039 aut
626 973 707 1039 ebur
729 973 896 1060 impressis
919 996 1074 1040 eurumue
1098 974 1239 1041 animare
1263 974 1390 1062 liguris,

546 1081 637 1167 hinc,
660 1081 821 1167 Priscilla,
844 1086 901 1148 tuo
925 1081 1044 1148 solacia
1065 1085 1160 1170 grata
1182 1082 1299 1148 marito

546 1189 757 1275 conciperem.
803 1209 942 1275 namque
965 1189 1098 1277 egregia
1120 1191 1243 1275 pietate
1267 1193 1422 1278 meretur,

545 1302 583 1362 ut
606 1297 659 1362 uel
681 1295 818 1382 Apelleo
842 1296 952 1363 uultus
975 1297 1103 1384 signata
1126 1297 1232 1362 colore

545 1403 698 1469 Phidiaca
721 1403 773 1470 uel
795 1408 873 1470 neta
895 1426 991 1471 mauu
1015 1403 1147 1471 reddere
1171 1403 1307 1470 dolenti:

547 1511 593 1576 sic
616 1512 740 1578 auferre
763 1512 853 1599 rogis
874 1511 1023 1578 umbram
1047 1515 1181 1577 conatur
1204 1514 1237 1576 et
1260 1511 1375 1600 ingens

547 1622 708 1684 certamen
732 1641 804 1684 cum
827 1619 933 1685 Morte
955 1619 1041 1706 gerit
1064 1641 1220 1705 curasque
1243 1619 1362 1706 fatigat

547 1725 706 1792 artificum
729 1725 827 1812 inque
851 1727 938 1793 omni
962 1729 995 1792 te
1018 1727 1144 1812 quaerit
1167 1749 1273 1793 amare
1296 1727 1436 1793 metello.

548 1832 603 1899 sed
626 1833 773 1899 mortalis
795 1834 912 1920 honos,
934 1834 1030 1920 agilis
1054 1855 1150 1920 quem
1172 1834 1286 1900 dextra
1308 1835 1444 1900 laborat.
1474 1847 1479 1859 '
1634 1855 1666 1902 10

546 1964 606 2007 nos
629 1941 706 2026 tibi,
728 1940 850 2008 laudati
874 1941 1001 2007 iuuenis
1025 1941 1190 2008 rarissima
1212 1941 1366 2029 coniunx,

547 2049 646 2136 longe
667 2071 727 2114 nec
751 2048 924 2115 obscurum
946 2051 1043 2115 finem
1066 2049 1172 2116 laturo
1194 2050 1329 2136 perenni

547 2160 744 2242 temptamus
767 2156 841 2222 dere
865 2157 950 2222 iuste
972 2157 1057 2244 lyra3
1080 2157 1175 2224 modo
1199 2157 1312 2224 dexter
1333 2157 1454 2243 Apollo

549 2265 667 2350 quique
691 2264 782 2330 uenit
805 2264 914 2330 iuncto
938 2263 1019 2330 mihi
1042 2287 1170 2352 semper
1191 2263 1346 2351 Apolline
1370 2265 1486 2332 Caesar

548 2375 682 2458 annuat,
705 2371 791 2437 haud
814 2371 878 2436 alio
901 2371 1017 2438 melius
1040 2374 1176 2438 condere
1200 2373 1355 2457 sepulcro.

637 2501 708 2545 sera
730 2479 860 2565 quidem
883 2483 974 2545 tanto
998 2480 1136 2546 sturitur
1158 2481 1316 2546 medicina
1339 2480 1456 2568 dolori,

548 2587 650 2653 altera
668 2609 740 2653 cum
759 2587 900 2653 uolucris
919 2587 1044 2653 Phoebi
1064 2592 1135 2652 rota
1154 2591 1305 2673 torqueat
1322 2611 1454 2675 annum3

549 2694 603 2760 sed
622 2717 695 2760 cum
714 2693 811 2782 plaga
830 2717 940 2760 recens
960 2697 992 2759 et
1011 2694 1114 2760 adhuc
1134 2693 1167 2759 in
1186 2693 1319 2760 uulnere
1338 2695 1444 2779 primo

547 2803 642 2890 nigra
660 2802 773 2869 domus
793 2807 912 2887 questu
930 2802 1144 2888 miseramque
1163 2815 1307 2868 accessus
1326 2803 1366 2867 ad
1385 2825 1494 2870 aurem

548 2910 696 2998 coniugis
719 2909 838 2975 orbati:
876 2915 954 2975 tunc
976 2911 1052 2975 flere
1076 2914 1110 2975 et
1132 2909 1275 2976 scindere
1299 2914 1405 2976 uestes

549 3020 581 3083 et
603 3017 742 3083 famulos
764 3017 884 3082 lassare
907 3039 1024 3104 greges
1047 3019 1081 3082 et
1102 3017 1231 3083 uincere
1255 3017 1405 3101 planctus

548 3124 692 3210 Fataque
715 3128 748 3189 et
770 3123 909 3190 iniustos
931 3123 1053 3190 rabidis
1076 3123 1204 3209 pulsare
1229 3124 1367 3210 querelis

548 3229 715 3298 caelicolas
738 3231 881 3298 solamen
904 3234 981 3297 erat.
1026 3231 1103 3298 licet
1126 3232 1196 3317 ipse
1218 3230 1374 3297 leusndos

548 3339 588 3404 ad
611 3339 752 3427 gemitus
775 3339 867 3405 siluis
890 3339 1063 3404 comitatus
1085 3341 1118 3403 et
1141 3338 1291 3404 amnibus
1315 3338 1464 3424 Orpheus

549 3447 673 3512 adforet
695 3449 793 3531 atque
816 3446 921 3512 omnis
943 3445 1066 3531 pariter
1088 3449 1262 3512 matertera
1284 3451 1406 3534 uatem,

550 3553 654 3618 omnis
676 3551 870 3638 Apollineus
893 3556 1019 3640 tegeret
1040 3551 1224 3638 Bacchique
1247 3553 1406 3620 sacerdos:

548 3660 595 3726 nil
618 3665 744 3747 cantus,
767 3660 814 3726 nil
837 3660 892 3725 iile
915 3660 984 3726 deis
1006 3659 1160 3744 pallentis
1184 3659 1306 3727 Auerni

548 3768 828 3853 Eumenidumque
851 3767 961 3833 audita
984 3767 1085 3833 comis
1107 3767 1247 3833 mulcere
1270 3769 1428 3849 ualerent,

426 4004 439 4052 1
466 3998 656 4070 Epicedion
675 4000 710 4054 iu
728 3997 925 4054 Priscillam
944 4015 1079 4054 uxorem
1101 4030 1137 4039 -
1164 4005 1178 4054 1
1202 3997 1317 4071 pingere
1337 3999 1480 4056 Krohaius
1503 4033 1537 4040 -
1567 4005 1670 4056 locut

337 4087 407 4157 alio;
426 4106 494 4146 corr.
510 4107 573 4143 s-
594 4094 626 4144 19
646 4105 731 4161 aegra
750 4089 849 4144 domus
867 4089 1002 4145 Heinsius
1014 4121 1049 4129 -
1068 4091 1170 4158 questu
1188 4087 1320 4144 miserem
1339 4089 1471 4158 haudque
1485 4089 1669 4146 Budueasius

337 4177 401 4246 quis
417 4180 478 4232 tum
496 4178 685 4234 miserandam
704 4195 832 4234 accessus
856 4179 894 4233 ad
912 4194 1008 4233 eurem
1026 4178 1172 4234 Adrianus
1203 4181 1304 4248 questu
1323 4178 1453 4233 miserum
1473 4177 1523 4248 qui
1541 4195 1669 4234 accessus

338 4266 375 4321 ad
394 4285 489 4323 eurem
509 4268 742 4342 Maenayuseniss
760 4301 795 4310 -
813 4273 846 4323 21
866 4266 983 4340 planctu
1002 4268 1168 4340 &asemper
1185 4299 1220 4310 -

426 4490 448 4539 l.
465 4491 496 4539 11
521 4483 589 4540 Silu.
604 4485 643 4539 111
658 4489 682 4540 ὁ.
699 4489 751 4541 110
778 4482 925 4538 carissima
942 4483 1063 4539 coniunx
1081 4489 1137 4538 not.
1161 4515 1195 4524 —
1221 4489 1253 4537 18
1272 4481 1360 4554 plaga
1375 4525 1380 4536 .
1396 4523 1404 4536 .
1419 4525 1424 4538 .
1440 4481 1555 4536 uulnere
1578 4485 1613 4551 cs.
1632 4484 1670 4538 ad

337 4575 363 4629 11
379 4579 435 4632 1.4
461 4605 495 4616 -
525 4579 557 4628 19
576 4573 770 4630 Theb.vrss
798 4572 982 4644 placidasque
1005 4589 1134 4628 accessus
1154 4571 1190 4626 ud
1215 4587 1311 4627 aurem
1338 4603 1373 4612 -
1401 4577 1434 4625 21
1459 4571 1619 4626 Silumr.
1635 4577 1668 4626 57

338 4663 529 4734 famulumque
554 4680 654 4735 greges
696 4663 783 4719 Theb.
799 4662 837 4716 VI
852 4667 887 4716 34
914 4662 1040 4732 exemplo
1064 4661 1184 4716 famulas
1207 4659 1310 4730 premit
1336 4660 1520 4730 hortaturque
1543 4661 1669 4716 uolentes

339 4754 522 4824 orbspsrens
537 4785 570 4796 -
591 4752 841 4808 resiluisse
870 4768 983 4821 superos
1003 4753 1031 4806 et
1044 4751 1165 4806 Tartara
1178 4749 1288 4819 pulsem
1301 4749 1484 4804 inuidiallb.
1500 4754 1533 4803 78
1561 4748 1670 4803 inuidia

339 4859 453 4913 superos
468 4843 629 4914 iniustaque
644 4841 764 4898 Tartaro
776 4841 886 4912 pulsem
901 4841 997 4898 Claud.
1008 4840 1085 4896 Eutr.
1095 4839 1122 4894 11
1135 4839 1222 4911 prael.
1234 4844 1266 4894 51
1292 4838 1360 4909 quid
1374 4838 1471 4910 pulsas
1485 4836 1669 4893 muliebribus

339 4934 416 4988 astra
434 4931 555 5002 querelis
574 4965 608 4975 -
