3814 5552
861 475 891 532 P.
910 476 1047 532 PAPINII
1065 477 1183 534 sanun

656 639 690 704 hi
714 641 847 724 panaria
869 641 1083 728 candidasque
1106 665 1242 728 mappas

655 747 850 814 subuectant
872 749 1047 835 epulasque
1070 749 1237 838 lautiores,

654 853 702 918 illi
725 855 866 920 marcida
888 856 965 922 uina
987 856 1183 943 largiuntur:

653 959 766 1028 Idaeos
788 963 924 1028 totidem
947 968 1044 1048 putes
1067 963 1240 1031 ministros.

653 1070 779 1157 orbem,
802 1093 866 1156 qua
889 1071 1003 1136 melior
1025 1071 1230 1156 seueriorque
1254 1078 1313 1160 est,

652 1182 685 1242 et
708 1182 822 1264 gentes
845 1177 905 1244 alis
928 1177 1062 1242 insemel
1085 1182 1215 1266 togatas

651 1287 684 1348 et
707 1306 780 1350 oum
803 1290 854 1351 tot
877 1285 1017 1370 populos
1040 1285 1137 1350 beata
1159 1309 1281 1373 pascas,

650 1391 735 1458 huno
757 1391 897 1459 Annona
920 1393 1005 1458 diem
1028 1393 1169 1478 superba
1191 1395 1303 1460 nescit.
1350 1467 1353 1472 ¹

650 1499 660 1563 i
683 1523 769 1566 nuno
793 1501 920 1566 saecula
942 1523 1106 1587 compara,
1129 1501 1293 1588 vetustas,

648 1607 774 1692 antiqui
798 1607 885 1675 Iouis
908 1630 1104 1694 aureumque
1127 1611 1271 1694 tempus:

647 1737 713 1779 non
737 1715 782 1780 sic
805 1715 909 1782 libera
932 1716 1008 1780 uina
1032 1719 1109 1780 tuno
1132 1715 1277 1782 fluebant

646 1823 856 1888 nectendum
880 1845 972 1911 seges
996 1822 1178 1907 occupabat
1200 1845 1328 1889 annum.

615 1915 617 1918 ⁵
646 1952 710 1994 una
732 1931 875 1996 uescitur
897 1930 1002 1998 omnis
1025 1931 1104 1996 ordo
1127 1951 1250 1997 mensa:

645 2037 752 2123 parui,
776 2038 909 2126 femina,
932 2038 1028 2123 plebs
1051 2059 1149 2124 eques
1172 2042 1315 2126 senatus3

644 2144 780 2210 libertas
803 2144 1018 2211 reuerentiam
1041 2144 1175 2211 remisit.

644 2256 678 2316 et
700 2256 737 2316 tu
761 2252 840 2340 quin
863 2253 960 2318 etiam
985 2291 1027 2300 -
1051 2251 1124 2340 quis
1146 2251 1209 2317 hoe
1233 2275 1357 2334 uocare,

619 2401 622 2407 -
645 2359 718 2445 quis
740 2361 931 2445 promittere
954 2360 1060 2446 possit
1082 2359 1144 2424 hoe
1167 2360 1322 2426 deorum?
1346 2399 1389 2409 -

642 2465 812 2534 nobiseum
835 2468 937 2534 socias
961 2467 1060 2554 dapes
1084 2465 1184 2532 inisti.

644 2574 708 2639 iam
731 2597 779 2662 se,
802 2573 949 2661 quisquis
972 2574 1000 2639 is
1025 2578 1086 2658 est,
1109 2573 1204 2659 inops
1228 2573 1343 2640 beatus

645 2681 816 2748 conuiuam
839 2683 929 2748 ducis
952 2704 1021 2748 esse
1044 2681 1212 2769 gloriatur.

729 2789 790 2856 hos
813 2789 898 2856 inter
920 2789 1069 2855 fremitus
1091 2810 1257 2875 nouosque
1279 2789 1376 2856 luxus

641 2897 807 2983 spectandi
831 2896 913 2962 leuis
936 2897 1052 2985 effugit
1075 2897 1244 2981 uoluptas:

640 3009 706 3070 stat
728 3027 824 3071 sexus
848 3004 937 3070 rudis
958 3004 1142 3088 insciusque
1166 3004 1258 3090 ferri3

640 3117 677 3176 ut
700 3133 827 3200 pugnas
850 3112 939 3198 capit
962 3111 1132 3196 improbus
1155 3110 1280 3176 uiriles!

640 3219 750 3286 eredas
773 3219 813 3285 ad
836 3219 971 3284 Tanaim
994 3219 1162 3304 ferumque
1186 3217 1317 3282 Phasim

638 3325 944 3392 Thermodontiaeas
967 3325 1070 3391 ualere
1093 3329 1225 3390 turmas.

639 3433 692 3498 hio
715 3433 819 3499 audax
843 3433 933 3499 subit
957 3433 1034 3498 ordo
1058 3431 1265 3518 pumilorum,

639 3563 720 3627 quos
743 3545 859 3606 natura
882 3541 991 3606 breuis
1014 3539 1125 3604 statim
1149 3543 1280 3624 peraeta

636 3647 795 3714 nodosum
818 3647 917 3714 semel
941 3647 975 3712 in
998 3646 1134 3734 globum
1156 3645 1281 3732 ligauit.

637 3755 736 3822 edunt
758 3755 894 3820 uulnera
917 3757 1153 3839 conseruntque
1177 3752 1307 3818 dextras

636 3866 669 3927 et
692 3867 830 3928 mortem
853 3861 917 3928 sibi
940 3899 984 3909 —
1008 3883 1071 3946 qua
1094 3861 1205 3926 manu!
1230 3897 1271 3906 -
1295 3861 1467 3928 minantur.

636 3969 719 4035 ridet
742 3969 829 4035 Mars
852 3974 945 4056 pater
969 3973 1001 4034 et
1024 3973 1157 4034 cruenta
1180 3949 1294 4032 Virtus

422 4169 456 4218 36
474 4163 626 4218 insimul&
660 4195 695 4204 -
726 4169 759 4218 37
784 4163 867 4218 beate
886 4163 1003 4219 Hessius
1030 4195 1065 4204 -
1092 4164 1203 4235 paseat,
1228 4161 1301 4216 hano
1324 4163 1389 4218 olim
1413 4163 1530 4221 Vollnwr
1555 4174 1666 4238 occepta

333 4255 489 4308 conmotam
502 4253 622 4309 Domitii
639 4273 664 4309 o.
680 4258 714 4307 38
732 4253 823 4308 neseis
843 4284 875 4294 -
894 4257 929 4306 43
948 4251 1119 4308 nescimurs
1140 4283 1173 4294 —
1197 4257 1231 4306 44
1250 4267 1302 4321 par
1319 4251 1364 4305 uir
1384 4251 1445 4308 Otto
1464 4283 1499 4293 -
1521 4261 1556 4310 46
1571 4253 1665 4312 Liber-

332 4345 378 4396 tus
401 4361 438 4396 ιο
465 4373 499 4383 -
527 4349 561 4398 46
584 4342 637 4398 hoo
660 4350 796 4412 rogares
833 4341 886 4396 hoo
910 4341 1006 4396 uocari
1024 4343 1150 4414 Ettipisa
1173 4373 1206 4381 —
1233 4347 1267 4395 64
1286 4343 1316 4396 et
1333 4347 1476 4411 pugnasss
1505 4373 1539 4383 -
1568 4351 1601 4399 67
1621 4346 1665 4400 his

332 4431 426 4486 audax
444 4433 613 4488 Bernartius
633 4464 662 4474 —
684 4437 717 4487 61
737 4449 822 4500 quam
840 4447 939 4502 manu3
960 4449 1028 4488 corr.
1043 4431 1187 4488 Auentino
1207 4462 1238 4471 -
1760 4433 1764 4442 '

330 4533 544 4544 ——.........

420 4597 454 4647 41
473 4591 538 4656 Hor.
555 4593 586 4647 Α.
601 4591 631 4649 Ρ.
647 4598 680 4648 83
703 4591 793 4648 libera
812 4593 879 4648 uina
898 4625 933 4633 —
958 4597 992 4648 47
1012 4591 1094 4664 Verg.
1110 4591 1142 4646 A.
1157 4590 1225 4645 Ino
1244 4591 1320 4660 quod
1343 4591 1453 4661 optanti
1476 4591 1574 4648 diuum
1601 4609 1665 4665 pro·

330 4681 443 4738 mittere
456 4699 539 4738 nemo
554 4683 671 4738 auderet
690 4713 722 4724 -
741 4687 776 4738 49
791 4681 918 4752 quisquis
938 4683 962 4737 is
979 4685 1023 4738 est
1042 4681 1093 4736 Ou.
1103 4681 1170 4736 Met.
1181 4681 1245 4734 XlII
1255 4688 1307 4736 463
1331 4681 1395 4737 Her.
1407 4681 1470 4736 XIX
1484 4687 1535 4737 217
1560 4683 1628 4740 Silu.
1639 4684 1663 4738 l'

331 4777 356 4826 5.
372 4779 406 4827 36
437 4773 472 4842 cs.
492 4772 566 4828 Pers.
581 4771 619 4826 Ill
636 4777 669 4827 33
688 4770 781 4826 Lunna
796 4791 822 4843 p.
834 4779 867 4827 31
887 4805 922 4814 —
941 4779 973 4827 ol
993 4770 1042 4828 Sil.
1057 4771 1090 4826 lt.
1101 4769 1178 4825 XVII
1193 4775 1227 4824 28
1246 4771 1297 4826 hoa
1316 4769 1390 4826 inter
1409 4770 1537 4826 fremitus
1565 4771 1663 4830 Claud.

330 4860 408 4916 Eutr.
427 4861 519 4916 11474
543 4861 594 4916 hos
616 4861 690 4916 inter
709 4861 843 4932 strepitus
867 4895 902 4904 —
924 4867 959 4917 64
977 4860 1040 4918 Vel.
1060 4860 1220 4916 u1.v11oe
1244 4877 1409 4932 pugnasque
1433 4860 1557 4932 capessit
1581 4861 1663 4917 eriles

330 4981 363 4991 -
383 4957 417 5005 62
437 4950 508 5007 Stat.
528 4950 613 5007 Theb.
633 4951 658 5006 V
677 4955 729 5006 366
748 4953 781 5008 de
801 4953 994 5024 meantibus
1017 4951 1158 5008 Lesbiacis
1175 4951 1287 5019 seminis
1305 4951 1426 5006 audaces
1445 4949 1542 5006 rubuit
1559 4951 1665 5007 mirata
