3782 5550
752 433 937 489 SILVARVM
957 433 969 486 1
990 439 1005 487 2

427 598 587 684 prosiluit.
624 598 727 664 celsae
751 597 864 683 procul
887 597 995 682 aspice
1018 596 1135 661 frontis
1158 596 1296 660 honores

429 712 683 794 suggestumque
707 727 824 771 comae.
871 705 980 769 Latias
1003 703 1117 769 metire
1140 703 1217 788 quid
1241 703 1326 767 ultra

427 814 566 878 emineat
590 819 720 878 matres:
745 816 902 898 quantum
925 810 1062 877 Latonia
1084 809 1246 896 nymphas

428 921 520 1007 uirgo
543 921 662 1006 premit
685 924 905 1006 quantumque
928 922 1058 1007 egomet
1080 917 1236 984 Nereidas
1259 923 1343 982 exto.

428 1029 506 1092 haec
529 1032 562 1093 et
585 1027 740 1093 caeruleis
762 1049 887 1092 mecum
911 1048 1103 1114 consurgere
1126 1025 1224 1112 digna

427 1136 581 1200 fluctibus
605 1140 638 1200 et
660 1141 771 1201 nostra
794 1135 903 1220 potuit
926 1134 1089 1200 considere
1112 1134 1234 1199 concha

429 1247 475 1330 et,
498 1243 526 1307 si
548 1243 765 1331 flammigeras
788 1243 949 1327 potuisset
972 1242 1123 1308 scandere
1147 1241 1238 1307 sedes

427 1349 549 1434 hasque
572 1350 693 1416 intrare
716 1350 841 1435 domos,
864 1350 928 1435 ipsi
952 1349 1115 1435 erraretis,
1137 1348 1282 1414 Amores.
1498 1365 1549 1414 120

428 1457 502 1522 huie
526 1457 674 1543 quamuis
698 1481 812 1524 census
836 1457 977 1523 dederim
1000 1457 1119 1545 largita
1143 1457 1265 1539 beatos,

429 1564 531 1630 uincit
554 1588 635 1650 opes
657 1565 773 1632 animo.
811 1566 957 1651 queritur
980 1566 1044 1630 iam
1067 1563 1161 1630 Seras
1184 1585 1299 1628 auarus

429 1677 603 1759 augustum
627 1672 766 1758 spoliare
789 1695 903 1738 nemus
927 1672 1163 1758 Clymeneaque
1187 1671 1297 1737 deesse

429 1781 574 1867 germina
596 1803 656 1846 nec
679 1781 798 1847 uirides
821 1780 900 1846 satis
923 1780 1124 1846 inlacrimare
1149 1801 1283 1864 sorores,

429 1886 550 1953 uellera
572 1887 704 1954 Sidonio
728 1889 793 1953 iam
816 1911 920 1973 pauca
942 1888 1112 1953 rubescere
1136 1887 1214 1953 tabo

429 2016 563 2080 raraque
585 1994 754 2084 longaeuis
775 1996 908 2061 niuibus
932 1995 1083 2080 crystalla
1105 1994 1215 2083 geloni.

429 2101 504 2166 huic
527 2101 684 2168 Hermum
707 2103 862 2187 fuluoque
885 2101 1011 2189 Tegeum
1034 2101 1199 2166 decurrere
1221 2099 1310 2185 limo,

429 2231 487 2273 nec
509 2209 589 2276 satis
611 2209 652 2274 ad
688 2209 793 2276 cultus
817 2249 859 2256 -
882 2209 958 2275 huic
980 2208 1060 2274 Iuda
1082 2208 1216 2274 monilia
1239 2207 1393 2274 Glaucum

429 2315 610 2401 Proteaque
633 2321 730 2402 atque
754 2339 882 2382 ornnem
905 2317 1045 2384 Nereida
1068 2339 1221 2402 quaerere
1245 2316 1332 2381 iussi.

429 2422 511 2488 hanc
534 2423 562 2489 si
585 2423 787 2490 Thessalicos
810 2425 956 2510 uidisses,
978 2424 1120 2511 Phoebe,
1143 2446 1202 2508 per
1224 2445 1321 2510 agros

430 2535 551 2596 erraret
573 2553 684 2598 secura
706 2531 853 2616 Daphne.
891 2532 918 2597 si
942 2532 976 2596 in
999 2531 1094 2597 litore
1117 2531 1203 2597 Naxi

430 2639 589 2704 Theseum
613 2639 704 2704 iuxta
727 2640 812 2705 foret
833 2638 913 2705 haec
936 2644 1110 2724 conspecta
1133 2638 1247 2724 cubile,

430 2745 571 2812 Gnosida
594 2747 752 2812 desertam
775 2747 932 2834 profugus
954 2746 1104 2832 liquisset
1127 2750 1160 2812 et
1183 2745 1307 2810 Euhan.

433 2853 604 2938 quodnisi
629 2877 680 2919 me
703 2854 810 2942 longis
833 2854 993 2939 placasset
1014 2851 1096 2920 Iuno
1121 2853 1269 2938 querelis,

430 2960 531 3028 falsus
554 2961 629 3026 huic
652 2983 775 3047 pennas
799 2968 832 3026 et
855 2983 975 3028 cornua
998 2965 1139 3026 sumeret
1161 2961 1291 3026 aethrae

431 3073 545 3153 rector,
568 3069 602 3134 in
624 3068 707 3135 hanc
730 3092 808 3135 uero
832 3069 999 3135 cecidisset
1021 3068 1170 3154 Iuppiter
1193 3091 1279 3134 auro.

218 3233 430 3242 *M

308 3341 359 3392 113
377 3335 510 3390 honorem
525 3342 543 3390 ς
558 3367 594 3375 -
610 3341 659 3389 119
679 3334 816 3391 uoluisset
834 3335 968 3390 scandere
985 3335 1046 3390 Otto
1065 3365 1098 3375 -
1120 3339 1170 3388 122
1188 3333 1328 3404 queritur;
1347 3351 1415 3390 corr.
1434 3335 1551 3389 Vollmer

218 3425 361 3494 querimur
376 3426 549 3498 Peyraredus
567 3457 599 3464 -
622 3431 671 3479 123
691 3427 842 3494 angustum
857 3433 874 3480 ς
894 3455 928 3464 -
949 3430 999 3478 121
1018 3423 1084 3478 hinc
1103 3424 1247 3491 Hermum
1267 3441 1335 3479 corr.
1351 3441 1413 3476 ο-
1429 3429 1479 3477 128
1494 3423 1551 3477 uda

216 3513 335 3569 monilia
354 3521 371 3568 ς
391 3544 424 3554 -
445 3519 494 3568 131
515 3531 614 3570 secura
632 3513 758 3584 daphnes
778 3514 808 3568 in
825 3512 921 3582 litore;
942 3512 966 3567 si
984 3516 1099 3584 amauit
1120 3514 1225 3568 Tollius
1249 3543 1282 3553 -
1308 3519 1358 3566 136
1379 3529 1458 3567 uerso
1477 3512 1549 3566 ceci·

219 3602 310 3658 disset
327 3603 482 3674 Herroyius
499 3635 534 3644 -

309 3857 359 3906 135
379 3853 476 3912 acuar
493 3853 692 3910 Priscianus
711 3854 736 3907 11
755 3873 781 3924 p.
799 3859 849 3909 104
877 3856 913 3922 cf.
928 3854 965 3909 ud
984 3854 996 3907 I
1016 3860 1106 3910 1101
1125 3885 1158 3894 -

218 4007 430 4016 ——....--

310 4105 550 4161 lunaticus
574 4103 622 4158 sed
646 4106 782 4173 quantum
805 4102 909 4156 uirides
932 4102 1028 4174 pelagi
1051 4103 1145 4157 Venus
1169 4103 1268 4157 addita
1288 4103 1432 4174 Nymphas
1455 4103 1550 4158 obruit

222 4197 273 4248 aut
290 4195 393 4250 umeris
412 4198 549 4264 quantum
567 4193 659 4248 Diana
676 4192 812 4261 relinquit
830 4191 951 4260 Naidas,
977 4192 1093 4262 effulget
1115 4195 1227 4246 tantum
1250 4193 1349 4264 regina
1370 4193 1465 4248 decori
1484 4193 1548 4247 Dei-

219 4283 321 4338 damea
339 4283 417 4339 chori
434 4283 614 4355 pulchrisque
633 4283 775 4337 sororibus
794 4282 890 4337 obstat
925 4282 960 4350 cf.
979 4281 1042 4339 Vel.
1063 4281 1103 4337 ul.
1123 4281 1147 4336 V
1166 4287 1218 4336 313
1229 4302 1288 4353 sqq.
1313 4315 1346 4322 -
1371 4289 1421 4337 122
1446 4283 1549 4338 Tibull.

219 4373 258 4426 111
277 4378 302 4428 8.
323 4379 355 4426 lu
380 4372 441 4428 sola
463 4373 622 4444 puellarum
646 4371 732 4443 digna
754 4375 809 4441 est,
833 4371 879 4426 cui
898 4371 995 4425 mollia
1013 4371 1086 4426 caris
1105 4371 1212 4426 uellera
1231 4373 1280 4428 rtet
1298 4373 1373 4427 sucis
1392 4373 1436 4427 bis
1455 4373 1550 4426 made·

220 4461 297 4517 sacta
319 4462 419 4532 Tyros,
443 4463 656 4532 possideatque,
679 4461 762 4516 metit
780 4460 917 4530 quidquid
941 4461 1012 4516 bene
1035 4461 1176 4516 olentibus
1200 4461 1276 4516 aruis
1300 4461 1390 4516 cultor
1414 4461 1550 4516 odoratae

220 4551 300 4606 diues
318 4552 409 4606 Arabs
429 4552 533 4622 segetis
556 4555 585 4608 et
607 4568 798 4620 quascumque
822 4551 902 4621 niger
924 4551 1008 4606 rubro
1027 4550 1062 4605 de
1086 4550 1167 4606 litore
1186 4566 1312 4622 gemmas
1331 4550 1473 4622 proximus
1492 4549 1551 4603 eois

219 4637 330 4710 colligit
343 4640 428 4694 ludus
443 4641 524 4711 aquis
557 4641 667 4696 Petron.
683 4639 752 4696 Bell.
766 4639 819 4696 cin.
832 4646 863 4694 11
880 4639 945 4694 hinc
960 4639 1099 4694 Numidae
1114 4642 1248 4694 accusant
1262 4639 1340 4693 illinc
1355 4656 1429 4694 noua
1444 4639 1551 4694 uellera

218 4729 299 4784 Seres
318 4733 404 4799 atque
423 4731 548 4785 Arabum
565 4730 686 4801 populus
705 4747 756 4784 sua
775 4728 984 4798 despoliauerat
1003 4747 1072 4784 arua
1109 4729 1191 4800 Verg.
1208 4729 1307 4798 Georg.
1323 4728 1361 4783 IV
1377 4735 1429 4782 132
1453 4745 1550 4799 regum

219 4819 362 4887 aequabat
380 4837 447 4890 opes
466 4819 568 4874 animis
588 4852 622 4862 —
642 4825 693 4874 124
713 4817 908 4874 'rheumae
926 4818 1019 4874 flebile
1037 4835 1152 4890 germen
1165 4818 1351 4888 Hesperidum
1366 4817 1434 4873 Silu.
1445 4817 1469 4872 V
1480 4825 1504 4872 3.
1517 4825 1550 4874 86

219 4904 424 4978 lacrimosaque
442 4909 624 4979 germina-
643 4915 694 4963 135
711 4911 748 4977 cs.
768 4906 863 4964 Sidon.
883 4908 911 4964 Ο.
926 4908 964 4962 XI
979 4913 1012 4964 89
1028 4925 1087 4978 sqq.
1111 4939 1146 4948 -

274 5007 399 5062 uorans,
414 5009 507 5050 Statius’
521 5009 599 5050 silvas.
1321 5004 1336 5049 ὃ
