3820 5558
768 441 953 498 SILVARVM
971 442 1022 498 Vl
1042 443 1093 498 Vt

473 611 623 692 sertaque
647 609 680 672 et
701 605 832 692 Elysios
855 605 980 672 animae
1003 611 1225 693 praesternere
1248 608 1353 674 flores.

474 713 520 780 sic
543 735 654 780 manes
675 713 823 780 Priscilla
846 714 949 800 subit3
972 714 1020 780 ibi
1044 714 1191 800 supplice
1215 714 1328 780 dextra

473 843 534 907 pro
557 825 590 886 te
613 821 694 886 Fata
716 826 824 909 rogat,
845 843 939 909 reges
962 821 1025 887 tibi
1049 821 1152 888 tristis
1174 819 1297 888 Auerni

474 928 595 1016 placat,
617 932 655 994 ut
678 928 818 1014 expletis
840 929 972 995 humani
995 929 1117 996 finibus
1139 928 1211 995 seui

474 1041 644 1122 paeantem
667 1040 769 1102 terrae
793 1035 958 1103 dominum
981 1036 1195 1122 iuuenemque
1217 1035 1381 1122 relinquas

474 1143 544 1230 ipse
568 1145 680 1212 senex!
716 1149 822 1210 certae
845 1143 954 1212 iurant
976 1143 1010 1210 in
1034 1150 1111 1211 uota
1133 1166 1267 1210 sorores.

917 1448 938 1514 2

534 1563 627 1660 liure
650 1612 741 1656 meus
763 1589 930 1676 Tyrrhena
952 1589 1037 1676 petit
1060 1589 1226 1676 saltusque
1249 1590 1381 1678 Tagetis

473 1697 650 1785 Crispinus.
696 1721 755 1764 nec
777 1697 876 1785 longa
899 1721 989 1764 mora
1012 1703 1062 1764 est
1085 1702 1142 1764 aut
1165 1697 1372 1786 scistellus,

472 1807 528 1872 sed
551 1829 622 1872 mea
645 1809 766 1872 secreto
790 1805 955 1872 uelluntur
978 1810 1111 1892 pectora
1133 1827 1242 1872 morsu

473 1913 599 2000 udaque
622 1917 791 2001 turgentes
813 1912 988 1998 impellunt
1009 1913 1133 1980 lumina
1155 1917 1282 2000 guttas,

472 2043 530 2086 ceu
553 2043 651 2106 super
672 2019 799 2108 Aegeas
822 2019 945 2086 hiemes
967 2020 1117 2087 abeuntis
1140 2019 1234 2087 amici

471 2128 544 2194 uela
563 2150 679 2214 sequar
697 2131 904 2214 spectemque
923 2133 1025 2194 ratem
1044 2127 1108 2193 iam
1128 2129 1233 2194 fessus
1251 2127 1294 2194 ab
1313 2127 1388 2194 altis

470 2236 607 2322 rupibus
629 2239 727 2321 atque
750 2234 860 2302 oculos
882 2235 982 2323 longo
1005 2257 1122 2321 querar
1144 2257 1216 2302 aere
1239 2235 1334 2302 uinci.

560 2342 660 2428 quid?
696 2342 723 2406 si
747 2342 882 2408 militiae
906 2342 971 2408 iam
992 2347 1040 2428 te,
1063 2365 1144 2428 puer
1167 2342 1291 2428 inclite,
1313 2343 1436 2428 primae

472 2450 559 2516 clara
581 2450 763 2516 rudimenta
786 2453 819 2514 et
842 2454 1021 2516 castrorum
1044 2450 1136 2517 dulce
1159 2453 1291 2516 uocaret

471 2556 666 2643 auspicium,
690 2561 811 2642 quanto
834 2561 1002 2623 manarent
1025 2556 1144 2644 gaudis
1165 2558 1245 2623 fletu
1559 2577 1592 2624 10

471 2687 593 2750 quosue
612 2663 721 2730 darem
739 2663 921 2749 amplexus!
954 2664 1094 2730 etiamne
1112 2664 1264 2750 optanda,
1282 2665 1467 2751 propinqui,

470 2771 600 2838 tristia?
636 2776 673 2838 ut
696 2776 830 2838 octonos
854 2771 905 2838 bis
928 2772 992 2838 iam
1015 2770 1078 2837 tibi
1102 2771 1216 2838 circuit
1239 2773 1335 2838 orbes

471 2880 554 2967 uita,
578 2880 633 2946 sed
656 2879 805 2967 angustis
828 2879 955 2945 animus
977 2879 1144 2946 robustior
1166 2879 1259 2946 annis

470 2987 716 3073 succumbitque
735 2986 825 3053 oneri
844 2991 877 3052 et
894 2991 1037 3054 mentem
1055 3007 1113 3053 sua
1129 3009 1196 3053 non
1214 2987 1302 3072 cepit
1320 2991 1417 3054 aetas.

469 3117 529 3161 nec
551 3094 682 3160 mirum:
718 3116 784 3161 non
806 3097 839 3160 te
862 3093 961 3161 series
983 3093 1142 3161 inhonora
1164 3099 1336 3180 parentum
1558 3115 1590 3164 15

470 3203 644 3269 obscurum
668 3201 799 3288 proauis
822 3207 855 3268 et
878 3201 1003 3287 priscae
1025 3200 1107 3267 lucis
1131 3205 1279 3289 egentem

470 3309 600 3396 plebeia
622 3310 661 3375 de
685 3309 787 3395 stirpe
811 3309 901 3396 tulit,
922 3332 989 3374 non
1011 3309 1168 3396 sanguine
1191 3313 1298 3375 cretus

469 3417 601 3483 turmali
625 3417 801 3502 trabeaque
824 3439 933 3482 recens
957 3420 991 3482 et
1012 3438 1155 3502 paupere
1178 3416 1270 3483 clauo

469 3529 641 3612 augustam
663 3523 772 3590 sedem
796 3529 829 3589 et
852 3523 936 3589 Latii
960 3519 1126 3609 penetrale
1149 3529 1280 3590 senatus

469 3632 592 3698 aduena
616 3631 769 3717 pulsasti,
791 3631 847 3697 sed
870 3631 1081 3718 praecedente
1104 3635 1234 3698 tucrum

345 3868 395 3916 251
415 3861 589 3933 placentem
608 3877 676 3918 corr.
692 3866 710 3916 ς
729 3891 763 3902 -

345 3975 363 4023 2
381 3969 513 4024 Laudas
532 3965 684 4039 Crispini
702 3967 809 4023 Vettii
827 3966 951 4023 Bolani
969 3967 1043 4023 filii
1061 4000 1096 4009 —
1115 3973 1131 4024 3
1150 3971 1180 4024 et
1197 3986 1273 4039 mea;
1292 3987 1361 4026 corr.
1379 3971 1538 4028 Groaour'ue
1553 4003 1587 4012 —

256 4062 390 4131 lguttae
409 4057 598 4114 Marklandue
625 4089 659 4098 -
690 4063 721 4112 11
740 4056 905 4128 propinquis
924 4063 943 4113 ς
963 4089 996 4098 -
1017 4063 1049 4112 12
1069 4061 1098 4113 et
1116 4061 1269 4115 octonoss
1297 4092 1331 4101 -
1361 4065 1394 4114 18
1418 4059 1531 4129 trabeq;
1554 4077 1588 4114 ac

255 4149 339 4204 remis
359 4152 388 4203 et
405 4164 542 4219 paupere3
570 4147 802 4204 ceremoniae
829 4147 985 4217 trabeaque
1002 4147 1084 4203 Remi
1102 4165 1153 4204 noc
1173 4148 1288 4220 Lipsius
1306 4181 1340 4190 -

256 4279 468 4288 ——-.--

345 4366 397 4416 258
415 4359 485 4417 Silu.
503 4361 599 4416 1267
620 4359 746 4433 supplice
765 4361 864 4418 dextra
882 4395 916 4404 -

344 4467 619 4524 2581111295
647 4469 756 4540 Aegeas
780 4469 886 4526 hiemes
914 4503 948 4512 -
976 4477 991 4524 2
1021 4469 1230 4527 8115111229
1258 4471 1329 4527 ratis
1353 4517 1358 4527 .
1378 4514 1385 4528 .
1406 4514 1412 4527 .
1435 4469 1585 4542 paullatim

255 4559 346 4614 minor
363 4559 448 4630 louge
466 4556 611 4614 seruantia
628 4557 719 4613 uincit
735 4559 844 4616 lumina
861 4591 896 4600 -—
916 4565 950 4615 10
969 4559 1037 4616 Silu.
1057 4559 1082 4614 V
1096 4565 1121 4615 2.
1131 4566 1183 4615 217
1202 4561 1309 4632 gaudia
1323 4561 1390 4616 fletu
1408 4559 1506 4616 Claud.
1521 4557 1586 4614 bell.

255 4647 330 4704 Gild.
348 4649 429 4704 1228
456 4647 515 4703 lou.
534 4646 652 4704 1111136
677 4648 825 4704 manantia
847 4649 915 4704 fletu
933 4665 984 4706 ora
1010 4681 1045 4691 -
1072 4655 1106 4705 12
1134 4649 1219 4706 Anth.
1238 4666 1282 4722 ep.
1302 4656 1393 4706 2922
1422 4647 1465 4704 sol
1487 4647 1588 4703 circuit

255 4738 352 4794 orbem
369 4769 404 4779 -
424 4742 457 4792 13
476 4735 726 4805 11511Π110-
746 4743 778 4791 15
794 4737 995 4795 5111121115
1014 4757 1070 4795 non
1083 4739 1138 4795 tibi
1157 4739 1295 4796 deformes
1310 4737 1422 4796 obscuri
1441 4736 1586 4808 anguinis

255 4829 333 4884 ortus
356 4844 407 4883 nec
431 4826 491 4882 siue
512 4827 575 4882 luce
598 4843 687 4898 genus
714 4859 748 4869 —
778 4834 810 4883 12
838 4828 922 4900 Verg.
941 4829 973 4885 A.
993 4829 1067 4886 uu
1095 4847 1151 4899 quo
1174 4827 1310 4900 sanguine
1338 4831 1430 4884 cretus
1453 4827 1586 4884 Dracont.

256 4917 369 4972 vfflea
388 4948 423 4958 -
444 4922 476 4972 12
496 4915 564 4972 Silu.
583 4915 622 4971 IV
636 4919 661 4972 8.
676 4922 710 4972 62
738 4916 825 4976 limen
842 4919 955 4992 pulsare
974 4921 1089 4976 senatus
1108 4949 1142 4962 -·
