3502 5430
758 371 788 426 P.
809 369 946 425 PAPINII
966 368 1083 447 STA'I'H

800 919 963 996 LIBER
990 918 1045 990 Ill

637 1094 936 1146 suarm-roano
960 1092 1025 1143 SVO
1049 1093 1213 1143 SALVTEM

317 1205 398 1302 Tibi
422 1237 522 1318 certe,
549 1232 634 1297 Polli
657 1231 840 1328 dulcissime
864 1235 897 1296 et
919 1231 980 1296 hac
998 1229 1050 1295 cui
1074 1234 1141 1294 tam
1159 1229 1299 1295 fideliter
1317 1229 1464 1295 inhaeres
1485 1229 1593 1314 quiete

255 1339 458 1427 dignissime,
481 1361 546 1405 non
568 1339 674 1405 habeo
697 1339 753 1403 diu
775 1337 975 1424 probandam
999 1336 1183 1403 libellorum
1207 1336 1343 1403 istorum
1366 1338 1591 1421 temeritatem,

255 1469 327 1511 cum
351 1446 433 1511 scias
461 1446 582 1512 multos
606 1468 645 1510 ex
674 1445 739 1511 illis
762 1446 796 1511 in
820 1445 893 1511 sinu
917 1449 974 1510 tuo
1002 1442 1113 1509 subito
1136 1448 1231 1509 natos
1259 1448 1293 1508 et
1320 1444 1402 1509 hanc
1425 1445 1590 1509 audaciam
1629 1467 1644 1512 a

255 1553 323 1618 stili
341 1553 444 1619 nostri
463 1551 649 1637 frequenter
667 1552 851 1638 expaueris,
874 1551 1024 1636 quotiens
1047 1551 1081 1615 in
1101 1550 1189 1616 illius
1208 1551 1375 1617 facundiae
1398 1556 1473 1617 tuae
1497 1575 1591 1636 pene-

255 1660 329 1726 trali
362 1661 513 1726 seductus
539 1659 637 1725 altius
663 1659 791 1724 litteras
818 1658 904 1723 intro
932 1661 965 1722 et
992 1657 1026 1722 in
1055 1657 1159 1723 omnis
1186 1680 1206 1722 a
1233 1662 1266 1722 te
1293 1657 1474 1724 studiorum
1502 1659 1591 1724 sinus

256 1767 363 1834 ducor.
405 1790 536 1833 securus
559 1768 668 1853 itaque
692 1767 808 1832 tertius
830 1765 884 1830 hio
906 1763 1061 1830 siluarum
1082 1769 1266 1829 nostrarum
1293 1763 1377 1829 liber
1399 1766 1440 1830 ad
1463 1771 1495 1830 te
1518 1767 1591 1831 mit

257 1875 347 1940 titur.
395 1874 553 1940 habuerat
573 1874 702 1959 quidem
721 1878 753 1938 et
772 1873 930 1938 secundus
950 1879 977 1938 te
995 1877 1125 1957 testem,
1149 1871 1205 1936 sed
1227 1871 1280 1937 hic
1298 1871 1399 1937 habet
1417 1879 1591 1960 auctorem,

253 2004 328 2046 nam
348 1981 488 2066 primum
507 1979 607 2046 limen
626 1980 696 2045 eius
715 1980 765 2066 [1]
785 1979 940 2045 Hercules
959 1978 1167 2045 Surrentinus
1185 1980 1304 2065 aperit,
1329 2002 1425 2064 quem
1443 1980 1478 2044 in
1495 1980 1591 2046 litore
1611 2002 1644 2050 ro

254 2092 312 2154 tuo
336 2092 554 2154 consecratum
578 2088 689 2153 statim
712 2092 750 2153 ut
773 2088 915 2152 uideram
938 2087 990 2153 his
1014 2086 1163 2153 uersibus
1185 2087 1325 2152 adoraui.
1370 2087 1517 2172 sequitur
1540 2089 1588 2172 [2]

252 2194 397 2280 libellus,
417 2219 481 2281 quo
500 2195 795 2280 splendidissimum
815 2194 945 2259 etmihi
967 2194 1230 2260 iucundissimum
1251 2194 1413 2281 iuuenem,
1432 2195 1589 2260 Maecium

255 2291 413 2389 Celerem,
435 2302 694 2368 esacratissimo
708 2302 903 2387 imperatore
921 2301 1056 2367 missum
1075 2301 1115 2365 ad
1134 2301 1295 2388 legionem
1314 2300 1492 2388 Syriacam,
1515 2303 1591 2388 quia

255 2410 347 2494 sequi
380 2433 445 2476 non
478 2415 640 2495 poteram,
677 2410 723 2474 sic
755 2406 947 2494 prosecutus
979 2431 1059 2475 sum.
1110 2409 1296 2475 merebatur
1328 2413 1361 2474 et
1394 2410 1444 2496 [3]
1478 2409 1591 2475 Claudi

253 2517 383 2584 Etrusci
412 2517 474 2583 mei
503 2517 609 2602 pietas
636 2516 769 2601 aliquod
797 2538 835 2581 ex
863 2515 980 2581 studiis
1011 2515 1132 2581 nostris
1159 2515 1327 2600 solacium,
1359 2539 1432 2581 cum
1464 2517 1644 2604 lugeretis

254 2624 355 2708 ueris,
384 2624 558 2708 quodiam
581 2623 779 2689 rarissimum
803 2629 865 2709 est,
893 2622 1034 2688 lacrimis
1061 2645 1170 2688 senem
1198 2628 1333 2709 patrem.
1378 2623 1517 2689 Earinus
1540 2625 1588 2710 [4]

254 2735 435 2816 praeterea,
459 2730 639 2796 Germanici
662 2731 764 2797 nostri
784 2731 936 2815 libertus,
958 2731 1021 2796 scis
1041 2730 1193 2815 quamdiu
1217 2731 1409 2796 desiderium
1434 2732 1503 2798 eius
1527 2756 1590 2797 mo·

254 2843 344 2904 ratus
368 2838 443 2921 sim,
474 2861 546 2903 cum
572 2838 708 2924 petisset
736 2842 772 2903 ut
800 2837 935 2922 capillos
963 2860 1051 2923 suos,
1082 2828 1258 2922 quoscum
1285 2843 1448 2925 gemmata
1471 2839 1590 2924 pyxide

255 2950 288 3010 et
315 2946 448 3030 speculo
478 2946 518 3009 ad
544 2945 782 3033 Pergamenum
808 2944 997 3029 Asclepium
1027 2944 1193 3027 mittebat,
1225 2945 1374 3011 uersibus
1402 2946 1590 3012 dedicarem.

255 3074 381 3117 summa
403 3056 453 3116 est
476 3051 525 3137 [5]
550 3052 676 3140 ecloga,
699 3074 764 3137 qua
786 3073 912 3117 mecum
935 3052 1082 3118 secedere
1105 3051 1279 3136 Neapolim
1298 3050 1462 3117 Claudiam
1487 3072 1644 3120 meamea

255 3159 416 3225 exhortor.
460 3159 525 3242 hic,
548 3159 576 3225 si
600 3181 712 3225 uerum
735 3159 885 3243 dicimus,
907 3181 1012 3225 sermo
1032 3162 1133 3224 estet
1156 3158 1286 3244 quidem
1309 3182 1440 3225 securus
1462 3165 1500 3226 ut
1518 3184 1591 3226 cum

255 3288 356 3333 uxore
383 3272 416 3332 et
444 3267 500 3352 qui
527 3267 720 3351 persuadere
747 3266 840 3331 malit
868 3288 964 3351 quam
992 3266 1128 3350 placere.
1173 3265 1249 3330 huic
1277 3267 1450 3351 praecipue
1477 3266 1589 3333 libello

254 3374 395 3461 fauebis,
427 3396 500 3439 cum
528 3373 611 3439 scias
638 3373 722 3437 hano
748 3372 997 3437 destinationem
1024 3372 1143 3458 quietis
1170 3395 1259 3438 meae
1286 3373 1349 3438 tibi
1377 3373 1516 3439 maxime
1544 3375 1591 3440 in-

254 3481 386 3547 tendere
408 3503 524 3565 meque
548 3502 614 3546 non
637 3485 704 3545 tam
727 3479 761 3544 in
784 3479 924 3564 patriam
947 3502 1044 3565 quam
1067 3480 1107 3543 ad
1130 3483 1164 3545 te
1187 3480 1343 3546 secedere.
1384 3480 1465 3546 uale.

346 3717 362 3766 6
386 3711 547 3780 frequenter
569 3726 704 3780 exposcas
723 3710 891 3781 marcirias
913 3741 948 3750 -
974 3707 1133 3780 penetralia
1155 3711 1195 3765 ed.
1215 3710 1309 3766 Parra.
1335 3742 1367 3751 -
1392 3716 1408 3763 9
1432 3713 1461 3765 te
1480 3712 1590 3767 addetir't

256 3801 443 3857 Bactrerraiae
461 3832 494 3841 -
519 3806 553 3855 12
572 3799 693 3854 mecium
711 3801 797 3868 codd,
816 3801 898 3855 enam
917 3799 954 3852 Δ*
984 3831 1015 3838 -
1046 3804 1079 3853 16
1103 3798 1178 3869 quod
1198 3799 1405 3855 amarissimum
1432 3802 1488 3868 eat,
1520 3818 1588 3856 corr.

257 3890 395 3946 Bantius
418 3889 603 3959 (rariaaimum
622 3892 651 3957 ς)
680 3921 714 3930 -
741 3887 860 3955 ierinus3
888 3905 987 3945 corae
1016 3921 1046 3929 —
1078 3894 1110 3942 17
1134 3887 1295 3944 Germanici
1327 3888 1373 3943 dei
1400 3889 1523 3944 nostrie
1556 3922 1589 3930 —

256 3978 324 4048 soit,
351 3996 420 4035 corr.
446 3978 563 4035 Vollmr
596 4010 628 4019 -
663 3983 696 4032 18
724 3993 914 4047 quoscumque
937 3980 1081 4048 gemmata
1099 3979 1139 4031 1¹
1172 4009 1202 4019 -
1239 3986 1269 4032 21
1293 3981 1336 4033 est
1354 3978 1497 4047 equidem
1521 3997 1589 4035 corr.

348 4288 364 4337 9
388 4282 478 4339 Praei.
497 4283 559 4336 114
587 4285 796 4339 sacrosanctum
820 4283 907 4338 habet
925 4286 1028 4338 testem
1052 4315 1084 4324 -
1112 4289 1143 4336 16
1162 4283 1287 4338 quenal.
1308 4283 1373 4338 XIII
1389 4288 1440 4337 134
1464 4283 1591 4354 ploratur

257 4370 383 4429 lacrimis
402 4373 508 4428 amissa
526 4373 647 4444 pecunia
666 4372 740 4428 ueris
759 4405 792 4412 -
