3814 5552
852 427 883 485 P.
903 427 1040 485 1²anss
1058 429 1177 487 S'ffl'll

559 597 658 678 terra,
681 593 802 678 premit
824 593 903 659 felix
926 614 1042 682 regum
1065 594 1247 660 diademata
1269 595 1387 680 Roma,

557 699 640 766 hane
663 700 801 766 ducibus
823 701 950 768 frenare
973 701 1098 788 datum,
1120 725 1196 768 mor
1216 703 1331 770 erescit
1350 703 1385 767 in
1407 702 1482 768 illos

558 807 732 892 imperium
756 808 898 896 superis,
921 808 978 873 sed
1000 809 1124 875 habent
1147 815 1180 876 et
1202 811 1336 876 numina
1358 811 1478 898 legem:

556 915 658 981 seruit
681 921 715 981 et
737 921 899 982 astrorum
922 917 1019 982 uelox
1042 917 1160 982 ehorus
1183 922 1216 983 et
1238 937 1323 1006 uaga
1345 919 1447 984 seruit

557 1021 635 1087 luna
655 1045 716 1088 nee
738 1023 880 1090 iniussae
902 1024 1024 1090 totiens
1046 1025 1131 1089 redit
1154 1024 1263 1090 orbita
1284 1025 1367 1091 lueis

557 1133 590 1196 et
608 1167 653 1178 -
671 1131 767 1196 modo
786 1131 814 1196 si
832 1131 882 1196 fas
900 1135 951 1196 est
969 1151 1108 1216 aequare
1127 1131 1265 1197 iuuentis
1284 1131 1420 1198 summis
1440 1131 1481 1180 —2

557 1237 695 1321 pertulit
717 1242 751 1304 et
773 1239 863 1304 saeui
885 1237 1077 1325 Tirynthius
1100 1238 1230 1304 horrida
1252 1240 1341 1326 regis

558 1349 655 1429 pacta
676 1367 736 1411 nee
760 1345 893 1412 erubuit
915 1346 1104 1411 famulantis
1128 1345 1237 1412 fistula
1259 1345 1394 1412 Phoebi.

558 1452 615 1517 sed
636 1475 745 1538 neque
769 1453 950 1520 barbaricis
971 1453 1066 1520 Latio
1089 1453 1298 1518 transmissus
1321 1455 1362 1520 sb
1386 1454 1465 1520 oris:

557 1557 695 1645 Smyrna
716 1545 782 1626 tibi
804 1561 927 1648 gentile
949 1560 1055 1626 solum
1079 1565 1242 1646 potusque
1265 1561 1405 1627 uerendo

560 1667 651 1732 fonte
673 1665 776 1732 Meles
797 1666 975 1752 Hermique
997 1667 1130 1753 uadum,
1154 1689 1217 1752 quo
1236 1667 1358 1753 Lydius
1381 1669 1483 1734 intrat

560 1773 707 1839 Baeehus
729 1779 763 1840 et
784 1779 898 1840 aurato
921 1775 1026 1840 reficit
1047 1797 1106 1840 ens
1128 1795 1248 1840 cornua
1269 1775 1357 1840 lime.

559 1880 645 1946 laeta
669 1880 784 1947 dehine
807 1881 906 1948 series
928 1882 1092 1967 umiirque
1115 1904 1155 1947 ex
1179 1883 1291 1948 ordine
1314 1882 1399 1948 euris

559 1993 674 2054 auctus
692 1987 796 2054 honos
814 2009 1006 2074 semperque
1024 1989 1127 2076 gradu
1145 2011 1248 2075 prope
1266 1989 1412 2056 numina:
1447 2013 1576 2076 semper

564 2094 754 2161 Caesareum
777 2096 915 2162 coluisse
937 2095 1024 2161 latus
1047 2096 1210 2182 sacrisque
1233 2096 1365 2164 deorum

561 2203 685 2269 areanis
708 2203 839 2269 haerere
863 2202 982 2270 datum.
1028 2203 1179 2270 Tibereia
1201 2204 1344 2288 primum

560 2311 633 2375 sula
655 2309 719 2376 tibi
742 2310 877 2375 uixdum
900 2333 956 2376 ora
978 2331 1065 2376 noua
1086 2315 1234 2376 mutante
1256 2311 1389 2378 iuuenta

560 2417 714 2503 panditur
737 2455 780 2465 -
803 2418 856 2483 hie
879 2417 972 2482 annis
995 2418 1099 2483 multa
1120 2437 1221 2504 anper
1243 2418 1350 2485 indole
1373 2419 1469 2485 uictis

559 2524 696 2590 libertas
719 2524 830 2591 oblata
851 2525 943 2591 uenit
965 2561 1011 2574 ·-
1032 2547 1092 2591 nee
1114 2525 1285 2611 proximus
1307 2525 1412 2610 heres,

559 2631 694 2698 immitis
717 2654 913 2718 quamquam
937 2639 970 2698 et
992 2632 1100 2698 Furiis
1122 2633 1278 2720 agitatus,
1301 2632 1422 2720 abegit

557 2740 633 2806 bine
655 2745 689 2806 et
712 2741 747 2806 in
769 2742 906 2808 Arctoas
928 2741 1036 2807 tenuis
1059 2762 1167 2806 eomes
1188 2761 1291 2826 usque
1314 2741 1448 2826 pruinas

557 2847 738 2914 terribilem
760 2847 871 2914 adlatu
894 2871 1009 2934 passus
1032 2847 1169 2934 uisuque
1191 2851 1367 2934 tyrannum

557 2956 794 3041 immanemque
816 2956 897 3041 suis,
920 2961 957 3028 ut
980 2956 1036 3041 qui
1058 2955 1232 3022 metuenda
1254 2957 1394 3022 ferarum

556 3063 653 3128 eorda
670 3063 803 3129 domant
819 3085 1007 3149 mersasque
1025 3063 1140 3129 iubent
1158 3063 1223 3129 iam
1242 3063 1399 3151 sunguine
1417 3069 1504 3130 tacto

558 3170 690 3236 reddere
712 3171 753 3236 ab
779 3193 833 3237 ore
856 3191 971 3238 manus
993 3176 1027 3236 et
1048 3171 1139 3236 nulla
1161 3171 1272 3237 uiuere
1294 3172 1422 3256 praeda.

557 3278 750 3364 praecipuos
772 3277 829 3344 sed
851 3278 937 3346 'enim
960 3279 1076 3344 merito
1100 3279 1240 3343 surrexit
1262 3278 1297 3342 in
1319 3284 1411 3344 aetus

555 3385 699 3451 nondum
722 3385 924 3472 stelligerum
947 3384 1055 3450 senior
1078 3383 1228 3450 dimissus
1250 3384 1400 3450 inanem

558 3491 710 3560 Claudius
733 3497 766 3557 et
788 3490 887 3580 longo
910 3491 1104 3558 transmittit
1126 3491 1247 3557 habere
1268 3490 1391 3577 nepoti.
1415 3529 1458 3540 --

555 3599 629 3685 quis
647 3621 782 3685 superos
800 3605 949 3666 metuens
967 3599 1091 3685 pariter
1108 3603 1160 3664 tot
1177 3599 1312 3684 temple,
1331 3601 1382 3664 tut
1399 3621 1471 3664 aras

341 3755 554 3766 ——

430 3854 463 3905 61
483 3848 561 3904 lilius
575 3848 676 3918 intrat;
704 3867 772 3906 corr.
791 3849 880 3903 ΡΜ
898 3867 983 3920 uterq.
999 3867 1013 3903 e
1028 3881 1061 3890 -
1080 3855 1115 3904 64
1133 3847 1237 3920 gradus
1252 3847 1425 3920 Peyraredus
1437 3847 1520 3919 gradi
1534 3851 1676 3906 Mmeiue

342 3969 376 3980 -
395 3944 429 3995 66
448 3937 622 4007 Caesarium
650 3955 720 3995 eurr.
734 3957 752 3992 a
771 3971 804 3980 -
823 3944 857 3994 66
876 3937 994 3994 libertae
1013 3941 1113 4010 optata
1131 3939 1337 4006 Hiraelefelde'us
1355 3968 1388 3978 —
1416 3942 1449 3992 16
1467 3936 1675 4010 immanemque

341 4027 420 4084 subis
437 4030 509 4086 idere
527 4059 561 4070 -
581 4033 614 4084 66
633 4028 766 4084 rubuerit
783 4027 985 4099 Politieeusff)
1004 4029 1138 4085 Heinsius
1157 4057 1189 4070 -
1209 4028 1239 4084 in
1257 4030 1348 4096 artns3
1369 4045 1438 4084 eorr.
1458 4027 1617 4086 Potitium
1633 4022 1673 4070 ‘-

341 4121 374 4171 71
390 4116 540 4186 demissum
558 4134 627 4174 eurr.
642 4117 817 4190 Peyraredas
829 4149 864 4160 -—
879 4123 912 4172 16
926 4117 1043 4190 longum
1059 4118 1209 4174 Gemma
1221 4150 1257 4159 -
1271 4116 1429 4174 transmisit
1442 4118 1628 4176 Markzaudue
1638 4149 1674 4160 -—

342 4211 375 4262 16
393 4223 526 4278 superum
543 4209 671 4262 metuens
692 4208 817 4278 euectus
834 4239 870 4249 -

429 4461 464 4512 54
482 4457 646 4514 66161646
665 4456 765 4514 eborae
781 4461 977 4514 ...astrorum
995 4489 1029 4502 -
1048 4458 1225 4516 61161666
1244 4473 1375 4529 uaga...
1390 4455 1458 4512 luna
1473 4456 1673 4515 -bbLuean

338 4545 377 4601 IX
392 4551 442 4602 661
472 4547 566 4602 orbita
589 4545 657 4602 solis
680 4547 743 4604 Val.
762 4545 803 4604 ul.
823 4547 861 4603 VI
875 4555 929 4604 446
961 4550 1060 4606 Anien.
1079 4551 1157 4605 Aret.
1179 4553 1231 4604 666
1263 4547 1361 4603 Claud.
1384 4547 1609 4604 insalutes
1637 4579 1670 4589 -

339 4641 372 4691 66
383 4635 452 4692 Sile.
462 4635 531 4692 lva.
537 4643 571 4692 66
580 4636 696 4694 horrida
704 4635 821 4694 iussa—
831 4645 866 4694 66
875 4639 978 4695 Lueen.
988 4637 1081 4694 Vleee
1095 4637 1261 4694 famulantis
1270 4653 1378 4710 pascua
1387 4638 1535 4694 Phoebi—
1544 4637 1671 4692 eol'heb.

338 4723 391 4780 XII
405 4731 457 4781 666
475 4725 582 4797 gentile
599 4725 690 4782 selum
708 4727 773 4783 Tae.
788 4729 860 4785 Ann.
875 4729 914 4784 111
929 4735 963 4784 66
983 4732 1017 4799 cf.
1032 4731 1070 4786 ud
1087 4729 1127 4784 ΠΙ
1141 4735 1165 4784 6.
1181 4735 1214 4784 82
1240 4759 1272 4770 -
1296 4732 1330 4783 69
1349 4728 1435 4786 Anu.
1454 4727 1541 4800 epigr.
1562 4731 1638 4781 1667.
1655 4734 1671 4782 6

337 4817 480 4886 proximus
502 4815 583 4872 heres
610 4849 645 4858 -
674 4821 708 4872 66
731 4817 828 4875 Claud.
843 4819 913 4876 Bell.
929 4819 990 4875 Get.
1006 4823 1059 4875 354
1082 4820 1196 4891 spelaea
1220 4819 1297 4874 subit
1314 4818 1466 4875 metuende
1485 4817 1607 4872 ferarum
1637 4847 1669 4858 -

392 4905 474 4978 ''erq
489 4907 522 4963 A.
537 4907 576 4962 Ill
591 4911 643 4963 666
661 4905 855 4980 famulamque
869 4909 978 4966 Helene
992 4909 1151 4966 transmisit
1168 4909 1330 4968 habendem
1347 4939 1383 4952 -
