3814 5552
719 457 906 513 SILVARVM
925 460 982 514 no
1001 460 1056 513 116

437 623 622 709 ingemuere
645 622 736 709 mori,
759 622 868 710 magni
893 623 980 708 quod
1003 623 1147 690 Caesaris
1170 647 1226 690 ore

438 728 524 794 inter
547 733 598 795 tot
621 727 788 816 Scythicas
812 729 1026 815 Libycaeque,
1049 729 1082 796 in
1105 731 1200 796 litore
1219 731 1324 797 Rheni

439 841 472 903 et
495 837 613 902 Pharis
636 838 674 902 dc
698 841 795 924 gente
819 837 905 922 feris,
929 860 1009 922 quas
1032 838 1167 923 perdere
1190 839 1255 905 uile
1278 843 1336 923 est,

440 943 535 1010 unius
558 943 666 1010 emissi
689 944 801 1032 tetigit
825 945 948 1010 iactura
970 945 1082 1010 leonis.

885 1287 905 1348 6

503 1397 612 1498 Sacue
635 1428 741 1508 nimis,
764 1426 905 1493 lacrimis
928 1427 1077 1512 quisquis
1100 1428 1284 1494 discrimina
1307 1429 1401 1514 ponis

440 1534 638 1621 lugendique
662 1535 786 1600 modos!
820 1535 972 1601 miserum
997 1539 1046 1600 est
1070 1534 1235 1620 primaeua
1258 1537 1387 1621 parenti

442 1644 577 1731 pignere
600 1647 835 1731 surgentesque
859 1640 992 1730 (nessei)
1016 1641 1187 1708 accendere
1211 1648 1315 1729 natos,

442 1751 558 1816 durum
581 1755 614 1815 et
637 1750 754 1816 deserti
779 1755 951 1836 praerepta
974 1749 1110 1836 coniuge
1133 1755 1260 1834 partem

440 1858 638 1924 conclamare
662 1858 735 1943 tori,
758 1862 879 1923 maesta
903 1861 936 1922 et
958 1856 1100 1922 lamenta
1123 1881 1268 1924 sororum
1544 1877 1559 1924 5

441 1971 474 2030 et
497 1967 634 2030 fratrum
657 1964 811 2052 gemitus:
834 1965 899 2029 alte
923 1969 955 2029 et
978 1969 1095 2050 tamen,
1119 1971 1153 2029 et
1176 1967 1289 2050 procul
1314 1967 1414 2032 intrat

440 2072 538 2138 altius
561 2072 595 2136 in
619 2095 731 2138 sensus
753 2073 940 2157 maioraque
964 2071 1098 2137 uulnera
1120 2072 1224 2139 uincit

441 2181 540 2266 plaga
557 2179 671 2245 minor.
708 2179 864 2246 famulum
887 2177 980 2268 (quia
999 2202 1105 2244 rerum
1124 2180 1256 2246 nomine
1274 2205 1367 2248 caece

442 2288 489 2353 sic
512 2287 626 2352 miscet
649 2287 794 2352 Fortuna
817 2309 914 2352 manu
937 2309 995 2352 nec
1019 2292 1150 2372 pectora
1173 2287 1280 2376 nouit)

442 2396 498 2461 sed
516 2395 674 2459 famulum
692 2394 804 2481 gemis,
822 2393 915 2481 Vrse,
932 2393 1032 2479 pium,
1051 2394 1107 2458 sed
1126 2417 1234 2460 amore
1252 2396 1380 2480 fideque
1528 2413 1561 2460 10

441 2504 501 2568 has
524 2502 675 2568 meritum
699 2501 856 2587 lacrimas,
879 2502 931 2567 cui
954 2501 1056 2567 maior
1079 2507 1249 2568 stemmate
1273 2503 1382 2568 iuncto

442 2611 577 2676 libertas
601 2633 640 2674 ex
665 2614 772 2674 mente
795 2608 858 2674 fuit
882 2608 936 2694 (nc
959 2609 1136 2694 comprime
1159 2611 1263 2696 fletus,

442 2741 482 2783 ne
506 2718 639 2803 pudeat,
662 2721 794 2801 rumpet
816 2718 924 2782 frenos
947 2717 1039 2781 dolor
1062 2716 1123 2782 iste
1148 2717 1289 2802 diesque,

442 2826 470 2892 si
488 2831 556 2890 tam
575 2825 654 2889 dura
672 2821 817 2910 placent)
838 2823 1002 2889 hominem
1021 2825 1124 2911 gemis
1144 2823 1222 2912 (heu
1241 2825 1334 2890 mihi!
1354 2825 1457 2890 subdo

446 2933 516 3017 ipse
535 2929 636 3016 faces)
656 2930 828 3016 hominem,
847 2931 938 3012 Vrec,
957 2935 1058 3016 tuum,
1078 2931 1128 2996 oui
1154 2933 1245 2996 dulce
1265 2933 1388 2998 uolenti
1529 2950 1561 2998 15

444 3038 623 3125 seruitium,
647 3038 698 3104 cui
722 3038 815 3103 triste
838 3038 930 3122 nihil,
954 3038 1009 3122 qui
1034 3043 1150 3122 sponte
1174 3039 1302 3124 sibique

446 3146 639 3232 imperiosus
663 3150 739 3210 crat.
786 3145 934 3229 quisnam
958 3146 1037 3210 haec
1060 3145 1094 3211 in
1116 3146 1230 3211 funera
1252 3147 1368 3214 missos

445 3254 582 3341 castiget
604 3252 734 3318 luctus?
771 3252 873 3339 gemit
895 3252 980 3318 inter
1004 3252 1090 3318 bella
1113 3259 1317 3339 peremptum

444 3360 585 3427 Parthus
609 3382 729 3445 equum
752 3359 900 3445 fidosque
924 3382 1018 3426 canes
1041 3361 1158 3426 fleuere
1182 3361 1324 3446 Molossi,

445 3473 477 3534 et
500 3468 648 3533 uolucres
670 3466 813 3532 habuere
837 3489 952 3555 rogum
977 3489 1155 3553 cereusque
1177 3469 1351 3534 Maronem.
1529 3484 1563 3534 1ο

323 3669 357 3718 99
375 3662 532 3732 librosqu03
551 3680 620 3718 corr.
640 3668 657 3717 ς
686 3693 720 3702 -
748 3663 778 3717 et
795 3660 911 3716 litorea
937 3693 971 3701 -
997 3666 1031 3715 99
1050 3661 1137 3730 feram
1156 3680 1225 3718 corr.
1245 3662 1360 3718 Vollmer
1377 3695 1412 3704 -

321 3759 338 3806 0
361 3749 562 3808 Consolatio
586 3751 629 3806 ad
646 3749 804 3806 Flauium
821 3750 941 3805 Vreum
964 3750 1004 3805 de
1027 3750 1212 3806 amissione
1239 3751 1338 3822 pueri
1359 3751 1507 3807 delicati
1530 3785 1565 3793 -

233 3849 249 3897 9
273 3841 451 3912 lugendoque
475 3842 679 3912 Persicampius
707 3873 741 3881 -
770 3846 786 3895 3
812 3840 931 3896 saedere
950 3841 992 3892 Δ*
1016 3843 1081 3907 (ciel
1103 3857 1248 3896 coenosus
1270 3848 1416 3897 ceterorum
1442 3843 1566 3898 codicum

229 3934 331 4002 probat
349 3931 523 3986 Politicnum
546 3938 596 3986 aut
617 3931 736 3986 uoluisse
757 3937 807 3985 cut
825 3931 947 3984 debuicm
964 3930 1078 3997 referre:
1101 3929 1244 4000 accedere)
1267 3931 1400 3985 accedere
1418 3934 1565 4000 lucum

233 4037 302 4076 corr.
313 4037 349 4072 ιο
364 4051 397 4060 —-
415 4025 431 4074 6
446 4019 483 4074 ad
497 4021 526 4074 te
540 4022 655 4087 tamen,
673 4037 741 4074 corr.
758 4019 875 4074 Vollmer
904 4017 961 4072 alte
975 4020 1070 4074 tamen
1084 4021 1114 4074 et
1123 4019 1309 4076 Marklucdas
1331 4021 1366 4088 ef.
1376 4019 1433 4074 Iuro
1444 4039 1474 4090 p.
1488 4027 1522 4075 16
1532 4053 1566 4061 -·

233 4115 250 4164 8
268 4125 360 4164 rerum
380 4107 487 4178 omnia;
511 4126 579 4165 corr.
594 4109 651 4164 Leo
675 4141 708 4150 -
735 4114 769 4162 10
787 4125 888 4179 genus,
912 4125 980 4163 corr.
997 4125 1011 4160 r
1030 4107 1284 4179 (gemisVrseA*?)
1307 4141 1340 4149 -
1366 4115 1397 4163 11
1419 4112 1566 4165 stemmate

234 4199 333 4253 cuncto
344 4199 566 4270 Lindeobropiuo
576 4229 609 4239 -
625 4203 658 4252 13
669 4197 809 4267 deisquec
824 4197 964 4266 decusque
974 4197 1105 4253 Nautius
1128 4197 1251 4267 deosque
1263 4201 1413 4255 Geranios
1424 4231 1460 4240 -
1475 4205 1508 4254 11
1520 4199 1566 4254 hei

233 4287 303 4342 mihi
318 4307 335 4341 ι
348 4321 384 4329 -
398 4293 433 4343 99
447 4305 530 4358 rogos
544 4293 568 4341 B
582 4319 616 4328 -
630 4304 757 4354 marone;
782 4305 850 4344 corr.
862 4287 1064 4358 Pecricampius
1091 4286 1212 4358 cirisqne
1227 4287 1371 4344 Maronem
1386 4289 1519 4344 Heinius
1534 4319 1565 4329 -

322 4473 347 4522 o.
377 4474 390 4520 1
412 4465 480 4522 silu.
495 4465 521 4521 V
536 4471 605 4520 obt
629 4465 747 4520 nimium
771 4463 893 4520 crudelis
913 4507 918 4520 .
935 4509 940 4521 .
958 4510 963 4520 .
983 4464 1033 4534 qui
1056 4463 1149 4521 dicere
1168 4465 1259 4538 legem
1277 4465 1390 4522 fletibus
1411 4509 1460 4521 ...
1481 4467 1567 4520 audet

233 4556 313 4612 Cone.
325 4555 362 4611 ad
375 4555 457 4611 Lis?
473 4558 502 4611 et
510 4555 660 4626 quiequam
669 4555 746 4626 leges
761 4555 849 4609 audet
857 4554 911 4609 tibi
921 4553 1014 4611 dicere
1023 4553 1109 4610 flendi
1119 4557 1148 4610 et
1161 4555 1311 4625 quiequam
1320 4555 1452 4610 lacrimas
1461 4557 1566 4623 tempe·

233 4647 279 4700 rat
297 4663 344 4700 ore
362 4647 427 4700 tues
447 4677 480 4686 -
502 4651 518 4698 6
538 4643 605 4700 Silu.
620 4645 658 4699 111
677 4650 701 4699 5.
718 4651 750 4700 16
770 4644 858 4700 intrat
876 4660 974 4700 sensus
992 4647 1026 4713 cs.
1042 4644 1098 4700 cic.
1115 4645 1149 4700 de
1169 4647 1238 4700 orat.
1257 4646 1283 4700 11
1299 4651 1340 4700 25.
1357 4651 1481 4700 199-9
1497 4643 1565 4699 Silu.

234 4733 272 4789 IV
286 4741 311 4789 6.
320 4741 353 4790 89
372 4751 463 4790 mores
482 4735 660 4804 humaneque
678 4737 794 4805 pectora
811 4750 895 4789 curae
914 4751 996 4789 nosse
1015 4734 1075 4788 deis
1098 4737 1135 4806 cf,
1148 4738 1231 4790 etiam
1248 4734 1274 4787 V
1289 4741 1312 4788 9.
1324 4739 1358 4789 ὃὸ
1376 4767 1412 4775 -
1432 4739 1464 4787 19
1484 4732 1566 4788 Clau·

149 4813 162 4838 ⁶
235 4823 310 4878 dian.
329 4823 362 4878 R.
382 4825 457 4878 Proe.
478 4823 516 4877 ΠΙ
532 4828 582 4876 179
602 4822 723 4894 suspiria
741 4823 856 4878 tandem
875 4821 985 4877 laxauit
1003 4822 1151 4892 frenosque
1171 4823 1251 4879 dolor
1272 4855 1307 4864 -
1332 4829 1364 4879 16
1383 4823 1448 4878 Hor.
1468 4823 1526 4878 Sat.
1541 4822 1568 4877 11

235 4919 259 4966 1.
275 4919 309 4968 83
329 4911 441 4984 sepiens
460 4911 516 4967 sibi
535 4912 584 4981 qui
602 4911 767 4985 imperiosus
787 4944 821 4954 -
