3814 5552
834 455 864 509 P.
883 454 1021 510 PAPINII
1039 454 1157 511 suurn

551 618 693 684 desertae
716 640 833 684 exosus
857 639 949 704 opes,
972 618 1117 685 sednon
1139 619 1225 706 capit
1248 619 1333 707 ignis

549 725 678 792 inuidus
701 730 799 811 atque
822 729 910 791 artae
925 726 1050 792 desunt
1073 727 1107 792 in
1129 749 1262 793 munera
1285 726 1440 791 flammae.

549 833 663 899 horror
685 833 785 899 habet
808 855 928 899 sensus
976 835 1104 919 qualem
1126 839 1159 900 te
1182 835 1294 900 funere
1317 854 1443 898 summo

550 946 648 1026 atque
671 964 786 1029 rogum
810 941 910 1026 iuxta,
933 940 1049 1008 Melior
1072 940 1287 1026 placidissime
1312 939 1483 1026 quondam,

551 1048 699 1115 extimuit
731 1053 809 1114 tune
833 1047 887 1113 ille
911 1047 1023 1114 hilaris
1047 1049 1209 1135 comisque
1234 1049 1358 1114 uideri?

550 1157 634 1221 unde
657 1155 755 1221 animi
779 1177 957 1241 saeuaeque
981 1177 1095 1221 manus
1118 1160 1151 1221 et
1173 1155 1331 1222 barbarus
1354 1155 1476 1240 horror,

552 1263 628 1330 dum
651 1263 745 1329 modo
769 1263 861 1329 fusus
883 1263 974 1328 humi
996 1263 1102 1329 lucem
1125 1263 1283 1329 auersaris
1305 1263 1458 1349 iniquam,

551 1393 637 1436 nunc
659 1374 773 1436 toruus
796 1369 918 1455 pariter
940 1373 1047 1436 uestes
1071 1373 1104 1435 et
1127 1375 1259 1455 pectora
1281 1371 1405 1456 rumpis

556 1477 754 1562 dilectosque
777 1477 897 1563 premis
920 1477 1009 1543 uisus
1036 1483 1069 1543 et
1093 1477 1212 1564 frigida
1234 1478 1352 1544 lambis

553 1586 682 1651 oscula?
719 1589 810 1650 erant
832 1585 900 1650 illic
922 1585 1051 1672 genitor
1073 1590 1238 1671 materque
1262 1585 1397 1651 iacentis

553 1697 683 1779 maesta,
706 1693 762 1758 sed
785 1691 916 1758 attoniti
940 1695 973 1758 te
997 1697 1183 1779 spectauere
1207 1698 1365 1779 parentes.

554 1800 631 1886 quid
649 1800 788 1866 mirum?
811 1799 906 1885 plebs
924 1804 1039 1865 cuncta
1055 1801 1146 1865 nefas
1165 1804 1198 1866 et
1215 1801 1347 1886 praeuia
1365 1801 1483 1866 flerunt

554 1907 692 1995 agmina,
715 1907 874 1973 Flaminio
898 1929 979 1992 quae
1003 1907 1105 1973 limite
1129 1907 1272 1974 Muluius
1295 1930 1395 1996 agger

555 2015 744 2101 transuehit,
767 2014 947 2080 imeritus
969 2014 1108 2080 flammis
1131 2015 1207 2080 dum
1231 2016 1382 2081 tristibus
1405 2015 1511 2080 infans

555 2123 700 2188 traditur.
738 2126 770 2187 et
794 2121 950 2208 gemitum
974 2121 1141 2207 formaque
1165 2144 1308 2207 aeuoque
1332 2127 1486 2188 meretur:

555 2231 631 2296 talis
654 2230 687 2295 in
710 2229 900 2295 Isthmiacos
923 2229 1071 2314 prolatus
1093 2229 1135 2294 ab
1159 2252 1298 2314 aequore
1322 2234 1436 2315 portus

554 2338 730 2424 naufragus
754 2335 907 2422 imposita
930 2335 1029 2401 iacuit
1052 2335 1113 2401 sub
1138 2341 1240 2402 matre
1262 2337 1435 2404 Palaemon

555 2445 602 2510 sic
624 2451 657 2510 et
680 2445 714 2509 in
737 2444 922 2531 anguiferae
945 2444 1110 2509 ludentem
1132 2443 1277 2532 gramine
1299 2446 1421 2512 Lernae

556 2552 725 2616 rescissum
748 2552 890 2637 squamis
914 2550 1028 2616 auidus
1050 2550 1137 2616 bibit
1160 2551 1246 2638 ignis
1269 2551 1442 2638 Ophelten.

645 2681 729 2744 pone
752 2663 859 2723 metus
880 2658 1003 2742 letique
1025 2658 1129 2724 minas
1152 2659 1270 2724 desiste
1294 2660 1409 2726 uereri:

559 2766 651 2831 illum
674 2788 733 2830 nec
756 2769 847 2830 terno
871 2765 1005 2831 latrabit
1029 2763 1187 2832 Cerberus
1210 2789 1274 2851 ore,

557 2875 648 2939 nulla
672 2895 763 2939 soror
785 2873 932 2960 flammis,
954 2871 1044 2938 nulla
1066 2873 1316 2960 adsurgentibus
1338 2875 1451 2960 hydris

557 2981 701 3066 terrebit,
726 2981 805 3066 quin
829 2980 896 3065 ipse
920 2979 1033 3044 auidae
1057 2985 1131 3046 trux
1155 2981 1267 3046 nauita
1289 2983 1424 3067 cymbae

559 3089 693 3154 interius
717 3089 843 3154 steriles
866 3087 954 3172 ripas
977 3091 1011 3152 et
1033 3088 1147 3154 adusta
1170 3088 1297 3155 subibit

560 3197 665 3279 litora,
688 3217 728 3261 ne
751 3217 853 3280 puero
877 3195 955 3260 dura
979 3195 1157 3262 ascendisse
1180 3197 1324 3262 facultas.

648 3303 726 3388 quid
749 3303 829 3367 mihi
852 3302 1006 3389 gaudenti
1030 3303 1136 3388 proles
1155 3303 1298 3387 Cyllenia
1322 3305 1414 3393 uirga

561 3411 710 3476 nuntiat?
739 3415 829 3475 estne
848 3409 970 3494 aliquid
990 3414 1055 3475 tam
1074 3433 1170 3476 saeuo
1190 3411 1223 3475 in
1243 3417 1388 3497 tempore
1406 3411 1550 3477 laetum?
1629 3425 1680 3474 lec

561 3523 695 3583 nouerat
718 3517 843 3603 effigies
865 3517 1075 3604 generosique
1098 3517 1198 3582 ardua
1220 3517 1326 3583 Blaesi

561 3649 617 3690 ora
639 3647 729 3711 puer,
752 3625 828 3689 dum
852 3647 945 3709 saepe
969 3623 1054 3689 domi
1078 3647 1163 3690 noua
1186 3629 1272 3690 serta
1294 3625 1450 3713 ligantem

562 3738 593 3798 te
616 3731 706 3797 uidet
728 3736 761 3796 et
784 3731 905 3796 similes
928 3735 1108 3818 tergentem
1132 3737 1260 3817 pectore
1284 3755 1380 3800 ceras.

561 3840 646 3905 hunc
669 3839 728 3904 ubi
750 3837 882 3904 Lethaei
905 3838 1097 3904 lustrantem
1120 3840 1262 3927 gurgitis
1284 3862 1357 3906 oras

351 3988 564 3998 -—-—--—-—

441 4079 490 4127 172
506 4071 611 4142 frigida
625 4070 698 4126 libas
713 4071 856 4128 Bentleiua
882 4067 987 4141 frigida
1005 4068 1093 4124 labris
1110 4069 1172 4127 Otto
1192 4101 1227 4112 -
1248 4076 1298 4126 176
1318 4070 1439 4126 moluiua
1459 4075 1539 4126 tro
1567 4067 1682 4124 miluius

350 4163 454 4216 lt’ltac
472 4194 502 4202 -
520 4166 570 4216 178
585 4178 618 4215 ac
632 4177 700 4216 uoce
715 4163 848 4228 meretur3
868 4177 937 4216 corr.
949 4159 1157 4216 Gulielmiue-
1174 4166 1223 4215 179
1238 4160 1366 4230 prolutus
1377 4162 1527 4216 Poleter-
1543 4166 1593 4214 182
1609 4157 1684 4212 bibit

351 4251 464 4322 anguis3
489 4269 557 4306 corr.
578 4251 748 4306 Koestliuius
784 4249 864 4304 dedit
886 4248 987 4319 anguis
1012 4250 1116 4306 Polster
1145 4281 1179 4291 -
1213 4256 1264 4304 188
1287 4250 1449 4306 accendisse
1468 4250 1561 4303 1¹10
1588 4265 1681 4304 assen-

351 4342 426 4396 diese
439 4347 463 4394 a
478 4371 510 4380 -
527 4345 577 4395 189
598 4339 690 4411 uirgo;
709 4357 778 4395 corr.
794 4346 811 4393 ς
826 4369 862 4378 -
877 4343 925 4392 191
946 4338 1069 4410 effigiem
1084 4358 1097 4392 c
1113 4371 1145 4381 -
1165 4339 1252 4396 blaesi
1265 4341 1390 4409 ([ονιαεεο
1404 4343 1486 4396 etiam
1500 4339 1565 4410 A‘);
1584 4345 1615 4395 ut
1629 4342 1680 4392 201

351 4463 386 4472 -
407 4436 458 4485 199
476 4445 571 4498 ουτως
590 4447 660 4486 corr.
675 4429 894 4486 Sorcdatrcemiue
912 4460 945 4468 -

352 4559 565 4569 -———-.-—-

443 4650 493 4699 179
514 4645 564 4700 Ou.
580 4643 643 4699 Her.
659 4643 697 4697 XI
713 4649 762 4698 119
783 4643 879 4698 oscula
897 4643 1003 4714 frigida
1021 4644 1112 4715 carpsi
1147 4645 1227 4700 Cone.
1248 4645 1284 4700 ad
1303 4645 1363 4702 aiv.
1379 4651 1412 4700 98
1432 4645 1528 4700 oscula
1546 4642 1618 4714 legit
1637 4643 1685 4698 lri·

352 4735 421 4804 gius
445 4765 480 4774 -
506 4740 557 4788 180
578 4731 648 4788 Ciris
663 4739 714 4787 396
740 4732 793 4788 dea
807 4750 869 4788 cum
889 4736 979 4789 matra
993 4733 1146 4789 Palaemon
1169 4737 1204 4802 cs.
1220 4735 1271 4790 Ou.
1287 4735 1352 4790 Met.
1364 4735 1463 4790 lvere
1492 4733 1685 4790 9119111999

354 4823 452 4879 Claud.
467 4823 506 4878 IV
524 4840 599 4879 cons.
613 4823 747 4877 1199469
770 4855 803 4864 -
829 4827 880 4877 184
898 4825 934 4891 cs.
952 4822 1073 4878 odSilu.
1089 4823 1167 4879 199
1187 4855 1220 4866 -
1242 4830 1292 4878 198
1311 4823 1380 4880 silc.
1395 4823 1420 4878 V
1437 4830 1485 4878 1.1
1512 4821 1618 4878 similes

353 4929 431 4968 ceras
450 4913 485 4981 cs.
500 4919 636 4970 commeat.
658 4944 689 4953 -
710 4911 778 4966 Silu.
794 4911 819 4966 V
839 4918 862 4966 1.
879 4917 929 4967 199
948 4914 1062 4981 pectore
1080 4916 1173 4984 terget
1191 4913 1291 4969 limina
1309 4945 1343 4955 -
