3814 5552
746 471 932 529 SILVARVM
950 472 988 528 111
1006 477 1031 528 4.
1051 477 1067 528 9

452 639 526 704 ‘hoc
545 660 675 724 quoque
693 637 826 723 demue’,
845 637 904 723 ait,
923 635 1051 722 ‘patriis
1068 654 1128 702 neo
1146 635 1272 724 gratius
1291 636 1394 702 ullum

453 767 570 811 munus
594 744 655 811 erit
678 743 812 829 templis
834 744 971 829 ipsoque
994 744 1161 828 potentius
1184 765 1275 828 auro,

453 856 489 917 tu
512 852 608 918 modo
631 853 695 939 fige
714 851 816 918 aciem
838 855 872 916 et
893 851 1005 917 uultus
1023 849 1076 915 hio
1094 873 1196 936 usque
1214 849 1382 936 relinque?

454 960 500 1026 sic
523 959 570 1025 ait
593 962 627 1025 et
649 958 816 1045 speculum
839 958 973 1024 reclusit
995 958 1136 1045 imagine
1159 963 1261 1043 rapta

542 1071 577 1132 at
599 1089 681 1152 puer
703 1065 854 1154 egregius
877 1066 1012 1132 tendens
1035 1066 1075 1131 ad
1098 1065 1202 1131 sidera
1224 1065 1362 1150 palmas:

453 1174 517 1240 ‘his
538 1173 620 1240 mihi
643 1197 703 1259 pro
727 1173 833 1257 donis,
855 1173 1024 1239 hominum
1042 1171 1213 1239 mitissime
1231 1177 1354 1259 custos,

454 1282 482 1347 si
505 1281 622 1368 merui,
644 1281 744 1368 longa
766 1281 931 1347 dominum
955 1302 1110 1346 renouare
1134 1280 1266 1346 iuuenta

455 1393 552 1474 atque
576 1389 648 1455 orbi
672 1411 800 1454 seruare
822 1387 918 1454 uelis!
955 1387 1017 1454 hoc
1040 1387 1144 1453 sidera
1166 1408 1306 1472 mecum,

452 1497 515 1562 hoc
537 1496 641 1562 undae
664 1500 832 1582 terraeque
855 1500 980 1583 rogant.
1026 1499 1092 1580 eat,
1115 1517 1185 1580 oro,
1209 1516 1391 1580 perennes

452 1602 568 1669 iliacos
591 1602 764 1689 Pyliosque
787 1603 883 1669 simul
905 1601 1119 1688 propriosque
1142 1606 1276 1686 penates

454 1712 593 1800 gaudeat
615 1716 649 1779 et
672 1735 780 1778 secum
802 1711 941 1797 Tarpeia
964 1697 1128 1778 senescere
1151 1708 1295 1795 templa'

454 1819 501 1886 sic
523 1820 570 1886 ait
593 1825 627 1886 et
649 1823 753 1886 motas
776 1819 913 1885 miratur
934 1818 1110 1906 Pergamos
1132 1839 1213 1884 aras.

898 2050 920 2117 5

517 2168 607 2266 Quid
625 2195 705 2260 mihi
723 2199 847 2262 maesta
865 2194 926 2282 die,
945 2194 1040 2260 sociis
1059 2193 1137 2279 quid
1153 2193 1315 2278 noctibus,
1334 2213 1424 2279 uxor,

455 2303 550 2368 anxia
574 2302 727 2390 peruigili
750 2302 841 2368 ducis
864 2301 1004 2386 suspiria
1027 2300 1125 2367 cura?

453 2433 520 2476 non
542 2415 651 2476 metuo
674 2431 716 2475 ne
738 2410 825 2476 laesa
847 2409 926 2474 fides
949 2413 1006 2473 aut
1028 2412 1159 2494 pectore
1182 2407 1217 2473 in
1239 2407 1303 2474 isto

454 2518 537 2583 alter
560 2539 661 2603 amor3
683 2517 783 2583 nullis
807 2516 841 2581 in
864 2520 897 2582 te
920 2517 1015 2582 detur
1037 2515 1084 2582 irc
1108 2515 1237 2603 sagittis

454 2663 498 2673 -
521 2625 631 2691 audiat
654 2625 772 2690 infesto
795 2624 873 2689 licet
894 2624 956 2690 hoc
979 2623 1178 2690 Rhamnusia
1201 2622 1295 2687 uultu
1319 2660 1375 2708 -‚

453 2754 519 2798 non
543 2732 644 2798 datur.
691 2732 775 2797 etsi
799 2736 928 2819 egomet
951 2731 1058 2815 patrio
1077 2731 1115 2795 de
1137 2730 1234 2797 litore
1257 2733 1370 2815 raptus

454 2843 609 2926 quattuor
631 2839 774 2905 emeritis
797 2861 857 2924 per
880 2838 980 2925 bella,
1002 2861 1061 2923 per
1083 2859 1224 2923 aequora
1245 2835 1357 2902 lustris

455 2969 608 3032 errarem,
631 2950 668 3012 tu
691 2945 779 3012 mille
803 2966 918 3031 procos
941 2945 1063 3010 intacta
1085 2946 1228 3032 tigares3

454 3077 520 3120 non
543 3053 732 3120 intersectas
756 3057 937 3119 commenta
959 3057 1104 3118 retexere
1128 3053 1224 3138 telas,

456 3161 512 3227 sed
530 3161 599 3227 sine
618 3159 729 3226 fraude
748 3160 856 3247 pelam
875 3159 1097 3244 thalamosque
1116 3165 1240 3226 armata
1257 3183 1418 3247 negasses.
1541 3176 1574 3222 10

456 3268 647 3355 dictamen,
670 3267 754 3333 unde
773 3267 839 3332 elta
858 3266 937 3332 mihi
956 3267 1063 3333 fronte
1082 3272 1116 3332 ct
1133 3267 1247 3333 nubila
1265 3267 1398 3335 uultus?

456 3397 538 3440 anne
561 3374 648 3460 quod
669 3373 833 3440 Euboicos
855 3374 959 3440 fessus
981 3397 1123 3440 remeare
1146 3380 1280 3460 penates

456 3504 597 3569 auguror
620 3485 653 3547 et
675 3481 782 3567 patria
805 3481 930 3548 senium
953 3503 1143 3568 componere
1166 3481 1273 3548 terra?

457 3611 514 3655 our
536 3589 598 3655 hoc
621 3589 715 3655 triste
738 3589 823 3656 tibi?
860 3595 946 3654 certe
969 3589 1103 3655 lasciuia
1125 3589 1220 3656 corde

332 3789 366 3838 97
384 3783 441 3839 hue
458 3799 560 3853 uoque;
578 3799 647 3838 corr.
666 3784 802 3838 Bentian
824 3815 859 3824 —
883 3788 918 3837 98
936 3781 1053 3838 seclusit
1070 3784 1215 3840 Krotoiae
1238 3816 1271 3826 —
1300 3789 1334 3839 99
1353 3800 1400 3852 ac;
1418 3801 1518 3840 corae
1541 3817 1574 3824 -

245 3877 295 3928 103
314 3889 374 3942 ore;
393 3890 461 3928 corr.
477 3890 492 3926 o
509 3905 544 3914 -
563 3888 666 3941 annus3
684 3889 753 3928 corr.
768 3877 814 3926 Ba
830 3905 866 3913 —

333 3967 349 4015 9
376 3961 483 4032 Eclogc
510 3961 547 4015 ad
575 3977 690 4016 uxorem
717 3963 758 4032 (in
780 3966 808 4015 11
830 3979 920 4018 errore
946 3961 995 4016 uia
1019 3961 1193 4030 Domitiana;
1226 3965 1258 4018 ia
1276 3981 1294 4016 ι
1310 3979 1367 4018 ocu
1385 3969 1505 4019 comum
1532 3963 1575 4017 Ad

244 4051 392 4107 Claudiam
409 4059 434 4106 ct
455 4054 496 4107 aio
513 4058 609 4122 ccccm
623 4050 782 4106 Politiomce
795 4053 826 4105 io
839 4053 978 4122 capitibus
994 4053 1135 4122 soliorum)
1158 4085 1191 4092 -
1217 4059 1230 4106 1
1251 4052 1314 4121 quis
1333 4051 1416 4121 mihi3
1440 4069 1507 4109 corr.
1522 4052 1577 4106 B’o

243 4173 279 4182 -
298 4147 314 4195 9
333 4140 509 4208 interfectam
535 4157 604 4197 corr.
624 4141 711 4210 Ncop.
733 4144 795 4200 999
827 4139 1005 4211 imperfectas
1024 4142 1161 4197 Barthiuc
1179 4173 1213 4182 -

334 4325 368 4375 99
386 4319 469 4392 Verg.
484 4318 517 4374 A.
532 4319 593 4374 199
611 4337 684 4390 saep.
703 4317 821 4373 tendens
831 4319 869 4374 od
883 4319 1095 4390 siderapalmae
1110 4353 1143 4362 -
1164 4326 1215 4375 100
1233 4321 1299 4377 Hor.
1315 4321 1367 4377 c.1
1378 4327 1417 4376 12.
1429 4328 1464 4377 49
1483 4323 1576 4393 gentis

244 4410 384 4464 humanae
402 4410 484 4481 pater
502 4411 587 4478 atque
607 4411 700 4464 custos
719 4441 752 4449 -

334 4504 391 4553 99
410 4498 459 4554 Sil.
473 4499 507 4554 It
522 4498 587 4554 VIII
601 4503 652 4554 209
681 4498 767 4553 anxia
783 4497 907 4554 ducebat
924 4497 1007 4570 uigili
1021 4499 1143 4571 suspiria
1157 4517 1226 4556 uoce
1249 4499 1336 4556 Theb.
1353 4500 1403 4555 VII
1417 4506 1468 4555 711
1488 4501 1577 4556 tacito

245 4587 353 4644 ducunt
370 4587 492 4659 suspiria
505 4589 573 4644 uoto
600 4588 683 4643 Phoc.
699 4587 749 4642 uit.
764 4587 847 4658 Verg.
863 4592 898 4643 89
924 4587 955 4643 in
969 4588 1074 4644 somnis
1089 4633 1094 4644 .
1107 4633 1130 4644 ..
1146 4589 1246 4644 anxius
1260 4593 1290 4646 et
1303 4589 1385 4662 uigili
1399 4607 1577 4660 praesumere

245 4678 351 4748 gaudia
370 4695 437 4732 cura
451 4707 484 4719 -
505 4685 520 4732 5
540 4677 608 4733 Sila.
622 4677 649 4732 11
662 4683 687 4732 9.
703 4683 737 4732 79
756 4675 880 4732 attendit
897 4679 978 4734 toruo
992 4678 1082 4734 tristis
1101 4679 1277 4735 Rhamnusia
1294 4680 1376 4735 uultu
1391 4711 1425 4721 -
1444 4685 1461 4734 8
1480 4679 1530 4736 Ou.
1543 4681 1576 4736 A.

244 4767 322 4822 1114.
338 4772 371 4821 23
399 4767 581 4838 Penelope..
598 4811 603 4821 .
620 4767 694 4822 inter
712 4769 757 4822 tot
774 4765 890 4822 iuuenes
909 4766 1078 4822 intemerata
1096 4786 1195 4840 procos
1214 4801 1247 4811 —
1267 4776 1283 4824 9
1303 4769 1397 4826 Sidon.
1417 4768 1445 4826 0.
1461 4769 1511 4823 XV
1526 4775 1575 4824 161

245 4855 404 4927 Penelopen
422 4856 520 4910 tardas
541 4855 614 4910 texit
637 4855 775 4911 distexere
798 4855 871 4910 telas
895 4889 927 4896 -
959 4863 991 4911 19
1010 4857 1074 4914 Rut.
1090 4858 1172 4913 Nam.
1186 4859 1256 4914 Red.
1270 4859 1283 4912 Ι
1299 4865 1348 4913 161
1372 4857 1475 4930 patriis
1489 4857 1578 4914 uitam

246 4962 411 5016 componere
429 4944 511 5000 terris
530 4977 564 4986 —
