3820 5558
718 463 906 518 SILVARVM
923 462 989 519 Ivc
1008 462 1130 534 Vprael.

804 1612 966 1686 LIBER
994 1613 1025 1686 V

588 1787 733 1838 STATIVS
756 1787 962 1836 ABASGANTO
987 1787 1052 1837 SVO
1076 1787 1240 1836 SALVTEM

308 1887 473 1986 Omnibus
500 1914 671 1980 affectibus
699 1912 922 1999 prosequenda
950 1917 1026 1980 sunt
1054 1913 1140 1980 bona
1163 1914 1325 2000 exempla,
1352 1937 1426 1980 cum
1452 1913 1581 2000 publice

245 2022 380 2109 prosint.
421 2022 540 2107 pictae,
564 2044 660 2107 quam
678 2019 844 2087 Priscillae
867 2025 942 2086 tuac
965 2023 1124 2108 praestas,
1148 2025 1180 2087 ct
1203 2044 1329 2088 morum
1352 2026 1483 2088 tuorum
1507 2045 1582 2106 pars

202 2175 209 2188 ·
243 2136 288 2197 cst
324 2134 357 2194 et
393 2129 474 2195 nulli
511 2151 577 2194 non
615 2128 786 2194 conciliare
818 2132 865 2214 te,
901 2127 1074 2212 praecipue
1108 2129 1239 2217 marito,
1277 2133 1395 2215 potest.
1446 2151 1580 2195 uxorem
1617 2145 1634 2192 5

244 2237 330 2302 enim
354 2237 463 2302 uiuam
490 2259 597 2302 amare
625 2235 779 2321 uoluptas
806 2239 869 2321 est,
897 2235 1083 2302 defunctam
1106 2236 1230 2324 religio.
1276 2259 1337 2324 ego
1370 2238 1478 2302 tamen
1505 2235 1581 2302 huic

244 2341 336 2430 operi
358 2367 425 2410 non
447 2349 486 2410 ut
508 2365 627 2410 unuse
650 2344 748 2410 turba
765 2365 825 2410 nec
842 2347 971 2410 tantum
996 2343 1089 2428 quasi
1113 2343 1276 2410 officiosus
1298 2343 1423 2410 adsilui.
1460 2343 1582 2408 amauit

246 2452 331 2517 enim
355 2475 489 2517 uxorem
512 2474 617 2517 meam
640 2451 788 2517 Priscilla
811 2456 845 2517 et
871 2450 1007 2516 amando
1030 2451 1108 2518 fecit
1133 2451 1213 2517 mihi
1236 2452 1326 2518 illam
1349 2449 1581 2537 probatiorem;

246 2563 321 2644 post
344 2559 405 2626 hoc
428 2559 576 2646 ingratus
595 2582 682 2647 sum,
706 2559 733 2624 si
756 2559 904 2625 lacrimas
923 2563 996 2625 tuas
1014 2564 1152 2626 transeo,
1193 2564 1360 2645 praeterea
1377 2559 1463 2624 latua
1486 2581 1580 2624 omne

246 2667 374 2732 diuinae
403 2665 516 2732 domus
545 2689 673 2752 semper
701 2667 857 2732 demereri
884 2689 944 2753 pro
972 2689 1043 2733 mea
1072 2667 1294 2733 mediocritate
1321 2667 1455 2733 conitor.
1505 2689 1581 2732 nam
1600 2681 1633 2729 10

246 2774 302 2859 qui
325 2774 496 2840 bonafide
519 2775 596 2839 deos
618 2775 710 2860 colit,
738 2778 825 2839 amat
848 2779 881 2840 et
903 2775 1094 2840 sacerdotes,
1139 2775 1195 2840 sed
1223 2774 1371 2860 quamuis
1394 2773 1580 2860 propiorem

245 2903 340 2947 usum
367 2880 528 2947 amicitiae
556 2886 630 2948 tuae
659 2881 850 2967 iampridem
878 2904 1042 2969 cuperem,
1071 2882 1200 2948 mallem
1229 2887 1339 2949 tamen
1364 2881 1508 2949 nondum
1534 2881 1580 2947 in-

248 2989 375 3055 uenisse
398 2987 576 3055 materiam.

336 3219 461 3276 Pitaium
484 3221 579 3276 resim
599 3221 711 3276 uidetur
728 3221 810 3278 etiam
824 3221 861 3274 A⁸
885 3253 919 3262 -
942 3227 1044 3292 epate
1063 3223 1093 3276 et
1110 3219 1194 3290 nulli;
1221 3223 1264 3275 eet
1286 3221 1403 3278 immed
1423 3221 1581 3277 Grcaouiaa

247 3311 291 3364 eat
320 3324 427 3364 morum
456 3309 593 3365 Bantiue
623 3341 659 3351 -
691 3315 708 3364 8
735 3309 907 3380 Priscillam
939 3327 1008 3367 corr.
1034 3315 1075 3365 §a
1106 3342 1141 3352 -
1178 3316 1210 3364 11
1238 3309 1396 3383 propiorem
1424 3327 1506 3364 usum
1527 3315 1581 3363 ΒΗ

248 3397 340 3452 uirum
358 3403 464 3452 Bm
499 3398 659 3469 propiorem
680 3417 726 3454 me
748 3399 842 3454 uisum
861 3399 1006 3458 Kreteia
1032 3431 1067 3442 —
1096 3405 1129 3454 12
1158 3401 1254 3455 tamen
1276 3399 1364 3455 talem
1381 3400 1519 3457 Bararus
1545 3431 1579 3440 —

248 3493 282 3542 13
301 3485 443 3543 inuenisse
461 3489 544 3545 ctiam
557 3487 593 3542 Δ*
613 3521 647 3530 -
