3814 5552
758 481 945 539 SEVARVM
963 482 1003 537 111
1022 487 1038 536 2

442 669 502 714 nec
524 646 668 714 liburna
691 647 804 713 domus
827 646 968 732 solisque
992 645 1114 713 cubilia
1136 645 1263 712 Gades?
1287 683 1327 692 —

443 756 490 821 sic
512 755 558 822 ait
582 759 615 821 et
637 760 774 843 tangens
797 759 984 843 surgentem
1006 753 1165 820 altaribus
1187 753 1297 840 ignem

443 862 647 948 populeaque
670 883 804 928 mouens
827 861 972 927 albentia
994 865 1142 946 tempora
1165 859 1248 926 silua

442 973 476 1035 et
498 967 601 1057 Styga
624 974 657 1035 et
679 969 814 1035 aetherii
837 968 958 1035 iurauit
980 967 1117 1034 tulmina
1139 967 1249 1053 patris.

887 1275 907 1338 2

463 1501 469 1514 ,
504 1405 567 1521 Di,
590 1434 709 1520 quibus
733 1434 867 1500 audaces
890 1457 980 1500 amor
1003 1438 1052 1499 est
1075 1454 1204 1500 seruare
1227 1432 1351 1498 carinas

442 1563 601 1627 saeuaque
625 1542 752 1607 uentosi
775 1541 915 1608 mulcere
938 1541 1082 1626 pericula
1104 1540 1213 1626 ponti,

442 1647 576 1714 sternite
595 1648 692 1714 molle
711 1649 830 1714 fretum
849 1646 1075 1734 placidumque
1094 1647 1253 1713 aduertite
1272 1645 1359 1712 uotis

442 1755 613 1822 concilium
638 1761 670 1822 et
692 1754 775 1822 lenis
797 1778 862 1821 non
886 1756 1057 1841 obstrepat
1078 1756 1164 1822 unda
1186 1754 1346 1841 precanti:

533 1863 665 1952 ‘grande
684 1869 741 1931 tuo
756 1887 927 1950 rarumque
942 1865 1063 1951 damus,
1082 1863 1245 1950 Neptune,
1263 1861 1424 1947 profimdo
1546 1874 1561 1922 ὁ

442 1970 636 2056 depositum.
682 1971 808 2039 iuuenis
831 1971 931 2038 dubio
955 1971 1169 2037 committitur
1191 1970 1258 2034 alto

441 2066 584 2144 Maecius
602 2082 698 2164 atquo
717 2079 841 2144 animae
860 2084 986 2168 partem
1005 2101 1103 2163 super
1121 2099 1262 2162 aequora
1275 2078 1403 2142 nostrae

444 2183 598 2251 maiorem
621 2186 794 2252 transferre
818 2191 920 2272 parat.
967 2187 1109 2272 proferte
1134 2183 1276 2271 benigna

442 2291 547 2358 sidera
570 2297 603 2359 ot
626 2298 795 2360 antemnae
818 2293 948 2382 gemino
972 2292 1129 2359 considite
1152 2312 1265 2375 cornu,

443 2397 570 2465 Oebalii
594 2402 723 2488 fratres3
746 2401 841 2467 uobis
865 2404 1048 2486 pontusque
1072 2399 1231 2485 polusque

442 2507 563 2594 luceat,
585 2506 701 2574 Iliacae
723 2507 820 2595 longe
843 2507 992 2574 nimbosa
1014 2506 1134 2573 sororis

444 2620 531 2680 astra
553 2615 679 2702 fugate,
702 2638 829 2702 precor,
852 2620 987 2700 totoque
1010 2612 1171 2680 excludite
1195 2612 1292 2679 caelo.

443 2744 503 2788 uos
527 2744 656 2808 quoque
679 2722 861 2788 caeruleum
883 2723 992 2808 ponti,
1014 2720 1183 2806 Nereides,
1206 2742 1337 2808 agmen,

442 2829 515 2915 quis
537 2829 642 2896 honor
664 2834 697 2895 et
719 2828 812 2917 regni
835 2829 932 2896 cessit
954 2831 1085 2895 fortuna
1107 2827 1235 2894 secundi

442 2935 562 3024 (dicere
588 2959 670 3024 quae
693 2935 803 3026 magni
826 2938 875 3004 las
894 2937 936 3003 sit
961 2936 1041 3002 mihi
1064 2934 1168 3002 sidera
1193 2933 1316 3024 ponti),
1529 2949 1561 2998 1⁶

442 3045 566 3133 surgite
590 3045 629 3110 de
652 3045 766 3111 uitreis
790 3067 961 3130 spumosae
983 3043 1122 3111 Doridos
1145 3043 1247 3110 antris

442 3153 646 3238 Baianosque
670 3151 760 3218 sinus
782 3156 816 3217 et
838 3153 905 3217 leta
927 3151 1117 3237 tepentibus
1140 3150 1234 3217 undis

442 3260 539 3326 litora
561 3258 737 3345 tranquillo
761 3258 909 3325 certatim
933 3259 1055 3324 ambite
1077 3263 1205 3345 natatu,

443 3372 634 3454 quaerentes
652 3367 710 3432 ubi
730 3367 817 3432 celsa
833 3365 926 3452 ratis,
945 3389 1041 3451 quam
1060 3365 1211 3432 scandere
1229 3363 1350 3454 gaudet

441 3474 561 3542 nobilis
587 3474 747 3541 Ausoniae
771 3473 863 3539 Celer
885 3473 1111 3558 armipotentis
1134 3472 1291 3538 alumnus.
1528 3487 1562 3536 so

441 3605 500 3649 nec
519 3581 702 3668 quaerenda
720 3581 789 3669 diu,
807 3581 902 3648 modo
920 3603 996 3646 nam
1015 3585 1105 3646 trans
1123 3602 1263 3666 aequora
1281 3579 1376 3645 terris

232 3729 444 3737 n———-----·

316 3833 334 3884 2
356 3828 621 3901 Propempticon
641 3828 771 3885 Maecio
790 3828 902 3886 Celeri
920 3859 955 3871 -
980 3835 1013 3884 15
1033 3827 1126 3884 dicere
1144 3845 1215 3897 quas
1234 3827 1368 3884 Hamas
1391 3859 1423 3870 -—
1449 3833 1481 3883 lt
1502 3827 1563 3884 lota

232 3919 414 3987 Wakefietdas
432 3951 467 3960 —
487 3924 520 3974 19
539 3935 596 3989 qna
614 3920 761 3989 scandere3
784 3937 853 3976 coer.
874 3921 1008 3976 Hessos
1026 3949 1059 3960 -

229 4067 441 4076 ——-

315 4173 342 4224 2.
354 4174 387 4223 10
411 4168 487 4226 Seru.
507 4169 545 4225 ad
563 4169 646 4241 Verg.
661 4169 694 4226 G.
709 4169 747 4224 IV
764 4175 814 4224 las
835 4168 998 4225 decaetero
1013 4173 1042 4224 et
1055 4168 1169 4226 Polluce
1184 4169 1227 4226 ait
1241 4169 1349 4225 Statius
1369 4167 1562 4226 Oebalidae

228 4257 359 4314 fratres
378 4259 413 4328 cf.
432 4265 523 4316 musea
541 4258 628 4316 Theb.
644 4259 669 4314 V
684 4264 735 4314 438
755 4257 910 4314 Oebalidae
928 4257 1034 4331 gemini
1053 4291 1086 4300 -

314 4515 340 4564 a.
358 4513 371 4562 1
392 4508 455 4565 Vel.
471 4508 512 4566 ΡΙ,
528 4510 607 4564 1667
626 4508 669 4580 di,
694 4509 798 4579 quibus
817 4508 956 4564 undarum
973 4509 1208 4580 tempestatisque
1227 4526 1346 4566 sonorae
1364 4507 1513 4580 imperium
1528 4541 1560 4550 -

228 4601 244 4652 8
262 4597 378 4654 Theocr.
392 4597 444 4654 VII
459 4603 492 4653 tt
517 4596 669 4670 zeutem
688 4607 862 4669 cooperatam
884 4597 920 4654 τὰ
939 4598 1050 4669 κύματα
1075 4598 1129 4654 sets
1146 4617 1176 4654 se
1194 4599 1344 4655 θάλασσαν
1361 4596 1412 4654 τόν
1429 4617 1458 4653 τε
1478 4595 1561 4654 νότον

226 4686 276 4742 τόν
290 4685 317 4742 τ’
335 4683 418 4757 etque
437 4721 471 4730 -
490 4693 506 4742 6
525 4688 591 4744 Hor.
607 4687 696 4744 Osrm.
712 4687 724 4742 Ι
739 4693 763 4744 3.
779 4695 795 4743 t
814 4687 909 4759 mnis,
928 4703 1001 4758 quae
1019 4687 1074 4742 tibi
1093 4687 1231 4744 creditum
1250 4688 1336 4743 debes
1350 4686 1507 4760 Vergilium
1527 4720 1561 4730 -

226 4775 330 4833 Lucan.
340 4777 365 4831 11
376 4783 409 4831 ⁷2
429 4777 597 4848 depositum,
616 4777 749 4848 Fortuna,
767 4781 848 4834 tuum
858 4777 956 4834 Claud.
964 4777 996 4832 a.
1005 4777 1047 4832 Pr
1060 4777 1099 4832 111
1110 4783 1161 4832 120
1175 4777 1270 4832 Banna
1285 4809 1318 4818 -
1338 4783 1352 4832 7
1372 4779 1407 4845 cs.
1422 4785 1559 4834 eoram.

227 4895 261 4906 -—
289 4870 306 4919 8
328 4865 536 4923 Hor.0.13.2
556 4867 800 4923 musellenses
823 4866 920 4922 lucida
938 4866 1031 4922 sidera
1059 4899 1092 4907 -
1125 4872 1159 4920 14
1181 4867 1285 4922 Auson.
1299 4867 1369 4922 llos.
1385 4871 1420 4922 80
1442 4865 1492 4922 ille
1515 4867 1561 4924 oni

227 4969 295 5010 eura
313 4955 452 5011 secundae
472 4955 555 5012 sortis
574 4959 605 5012 et
621 4955 754 5026 aequorei
772 4955 859 5012 cessit
875 4955 968 5012 tutela
985 4955 1117 5011 nitentis
1136 4989 1170 4998 —
