3820 5558
840 476 879 536 .Ρ.
899 476 1036 532 ΡΑΡΙΝΠ
1055 476 1173 534 suurn

557 645 590 706 te
614 663 741 727 quoque
765 640 923 707 clamosae
947 664 1106 727 quaenam
1129 642 1227 730 plaga
1249 643 1360 710 mitior
1381 644 1465 710 Vrbi

556 747 744 814 subtrahit?
781 749 924 815 aestiuos
946 770 1010 834 quo
1032 748 1155 834 decipis
1178 772 1251 816 aere
1273 749 1379 816 soles?

556 854 656 940 quid?
687 859 763 920 tuus
782 855 868 921 ‘ante
887 856 1013 940 omnis',
1031 861 1088 921 tua
1106 879 1182 922 oure
1199 857 1380 943 potissima,
1398 857 1518 945 Callus,

533 953 534 958 ἵ
554 985 614 1028 neo
631 985 697 1028 non
714 966 826 1029 noster
843 985 942 1050 amor,
960 962 1094 1029 dubium
1113 986 1280 1030 morumne
1299 965 1486 1050 probandus

556 1069 720 1158 ingeniine
744 1070 847 1156 bonis,
869 1071 971 1136 Latiis
995 1070 1135 1136 aestiuat
1157 1070 1191 1135 in
1214 1071 1279 1137 oris

555 1199 638 1242 anne
660 1177 871 1243 metalliferae
894 1177 1013 1263 repetit
1035 1177 1100 1242 iam
1123 1177 1250 1243 moenia
1272 1178 1382 1244 erae

556 1284 801 1370 Tyrrhenasque
820 1284 954 1350 domos?
986 1283 1118 1370 quodsi
1137 1283 1200 1350 tibi
1219 1285 1386 1369 proximus
1404 1287 1528 1372 haeret,

554 1413 619 1456 non
643 1414 704 1478 ego
727 1413 812 1456 nuno
835 1395 943 1456 uestro
966 1389 1078 1476 prooul
1101 1414 1121 1454 a
1143 1413 1289 1456 sermone
1312 1392 1438 1478 reoed03

556 1502 681 1564 eertum
698 1502 760 1583 est,
779 1498 852 1564 iude
872 1520 969 1564 sonus
987 1497 1132 1585 geminas
1150 1497 1231 1563 mihi
1250 1499 1363 1564 ouant
1382 1521 1482 1566 aures

555 1605 610 1670 sed
634 1609 684 1689 tu,
707 1605 784 1670 dum
805 1605 906 1671 nimio
930 1628 1079 1690 possessa
1101 1604 1288 1690 Hyperione
1311 1607 1428 1694 flagrat

557 1717 651 1778 torua
674 1712 825 1779 Cleonaei
848 1712 926 1778 iuba
948 1713 1075 1799 sideris,
1097 1735 1179 1778 erue
1202 1713 1287 1779 euris

554 1824 668 1905 peetus
692 1825 724 1885 et
748 1820 875 1886 assiduo
899 1824 1000 1886 temet
1022 1821 1129 1886 furare
1151 1819 1264 1886 labori.

554 1931 588 1992 et
610 1931 719 1994 sontes
744 1928 850 2013 operit
872 1927 1040 2013 pharetras
1063 1949 1236 2012 eroumque
1259 1929 1399 1994 retendit

554 2033 695 2100 Parthus
718 2039 751 2100 et
773 2035 863 2100 Eleis
885 2034 1000 2122 auriga
1020 2034 1191 2100 laboribus
1213 2038 1302 2102 aotos

552 2142 682 2228 Alpheo
706 2142 884 2228 permulcet
908 2164 1008 2228 equos
1031 2146 1064 2208 et
1086 2147 1197 2207 nostra
1220 2142 1350 2208 fatescit

553 2249 745 2336 laxaturque
768 2249 891 2334 ohelys:
928 2249 1013 2314 uires
1036 2249 1172 2337 instigat
1196 2249 1319 2335 alitque

554 2357 750 2442 tempestiua
774 2357 878 2442 quies,
901 2357 1005 2422 maior
1026 2360 1101 2442 post
1125 2356 1191 2422 otia
1213 2357 1332 2424 uirtus!

555 2464 630 2530 talia
653 2469 783 2530 cantata
805 2463 950 2530 Briseide
973 2463 1064 2530 uenit
1087 2463 1230 2530 Achilles

554 2571 657 2637 aerior
679 2576 713 2637 et
736 2571 840 2657 postis
863 2571 969 2656 erupit
993 2571 1027 2636 in
1050 2570 1191 2636 Heotora
1214 2571 1356 2657 plectris.

554 2683 587 2743 te
611 2701 739 2764 quoque
762 2678 943 2744 flammabit
965 2678 1061 2744 tacite
1085 2678 1226 2763 repetita
1247 2701 1422 2765 parumper

553 2784 676 2851 desidia
699 2789 732 2851 et
755 2786 875 2852 solidos
897 2808 1002 2852 nouus
1025 2785 1188 2851 exultabis
1211 2785 1245 2850 in
1267 2789 1366 2852 aetus.

554 2897 640 2960 oerte
663 2893 728 2958 iam
750 2893 862 2959 Latiae
885 2915 951 2959 non
973 2892 1111 2960 misoent
1133 2892 1240 2980 iurgia
1261 2893 1351 2980 leges

553 3005 586 3065 et
604 3023 717 3086 paoem
735 3000 830 3088 piger
849 3022 951 3066 annus
969 3000 1069 3065 habet
1088 3021 1271 3085 messesque
1290 3023 1437 3067 reuersae

553 3107 701 3174 dimisere
724 3109 838 3172 forum.
884 3129 944 3172 neo
965 3107 1030 3172 iam
1053 3106 1115 3172 tibi
1139 3109 1238 3174 turba
1259 3130 1388 3174 reorum

553 3215 715 3281 uestibulo
739 3214 928 3301 querulique
951 3218 1068 3302 rogant
1091 3214 1178 3280 exire
1202 3215 1348 3302 olientes3

553 3327 657 3388 cessat
679 3321 806 3387 centeni
829 3321 1025 3387 moderatrix
1048 3321 1164 3388 iudicis
1185 3322 1291 3408 hasta,

553 3453 617 3515 qua
639 3429 702 3494 tibi
725 3428 858 3495 sublimi
880 3428 945 3493 iam
967 3450 1053 3493 nuno
1075 3428 1284 3495 celeberrima
1306 3431 1392 3495 fama

553 3537 673 3602 eminet
696 3540 729 3602 et
751 3535 878 3601 iuuenis
900 3535 1050 3600 facundia
1072 3536 1226 3620 praeterit
1249 3559 1358 3602 annos.

553 3644 633 3710 felix
656 3665 817 3730 curarum,
840 3642 892 3707 oui
914 3663 980 3707 non
1003 3641 1172 3708 Heliconia
1194 3643 1282 3709 cordi

555 3755 641 3817 serta
663 3773 722 3816 neo
745 3749 893 3816 imbelles
915 3747 1048 3815 Parnasi
1072 3771 1090 3815 e
1112 3750 1233 3815 uertice
1256 3750 1379 3837 laurus,

552 3858 607 3924 sed
630 3858 721 3945 uiget
744 3857 911 3946 ingenium
933 3861 967 3923 et
990 3879 1125 3945 magnos
1149 3857 1309 3923 aooinotus
1332 3858 1367 3923 in
1389 3881 1466 3925 usus

553 3967 616 4032 lert
639 3965 766 4031 animus
789 3987 1006 4051 quascumque
1029 3965 1129 4032 uiues:
1165 3987 1225 4031 nos
1249 3965 1315 4032 otia
1338 3965 1424 4032 uitae

430 4201 462 4251 18
477 4212 549 4266 quae
559 4195 617 4250 iam
628 4195 689 4252 ouo
699 4228 732 4238 —
746 4201 780 4250 ³0
795 4153 985 4267 aperit3⁸coru
997 4201 1015 4250 ς
1026 4227 1059 4236 -
1074 4201 1108 4250 32
1128 4194 1257 4268 alpheoe;
1277 4201 1374 4251 coras
1394 4227 1428 4238 -
1447 4201 1481 4252 38
1496 4195 1594 4252 solltoe
1605 4203 1623 4252 ς
1635 4229 1670 4239 -

428 4417 461 4465 26
480 4410 581 4466 Catull.
597 4416 639 4466 51.
655 4417 687 4465 11
711 4409 869 4466 tintinnant
887 4427 981 4476 aures,
1000 4409 1114 4479 gemina
1132 4410 1266 4480 teguntur
1285 4409 1392 4464 lumina
1410 4413 1492 4466 noete
1519 4413 1554 4481 of.
1578 4417 1621 4468 63.
1637 4416 1669 4465 75

340 4499 468 4572 geminas
487 4517 568 4556 aures
587 4499 673 4556 Culex
689 4506 740 4554 150
769 4500 819 4555 Ou.
839 4499 904 4556 Met.
921 4500 945 4554 X
961 4504 1011 4554 116
1041 4531 1074 4540 -
1102 4504 1135 4553 28
1160 4499 1242 4554 Mart.
1261 4499 1301 4553 IV
1315 4505 1388 4554 60.2
1417 4499 1555 4556 Cleonaeo
1579 4500 1670 4556 sidere

338 4590 431 4646 feruet
449 4606 517 4662 ager
545 4622 579 4632 -
607 4596 641 4647 29
660 4589 742 4661 Verg.
758 4589 790 4646 A.
806 4590 831 4644 V
845 4595 897 4644 845
924 4605 996 4660 pone
1015 4589 1102 4658 eaput
1123 4587 1268 4657 fessosque
1286 4587 1381 4643 oeulos
1404 4586 1498 4644 furare
1520 4589 1612 4646 labori
1634 4591 1670 4656 cf.

339 4680 434 4736 Sidon.
454 4679 653 4751 Epulum
674 4711 708 4721 -
732 4675 1321 4749 assuu.v1.aoepositis...plectris
1345 4709 1380 4719 -
1407 4683 1441 4732 39
1460 4677 1620 4736 Silulllt.
1635 4686 1669 4736 87

339 4769 454 4824 strictae
481 4769 511 4824 in
538 4767 632 4840 iurgia
659 4768 736 4841 leges
769 4799 801 4810 -
833 4775 868 4823 4ο
891 4767 994 4823 Luoan.
1013 4767 1053 4822 IV
1066 4772 1118 4821 473
1150 4783 1304 4838 pacemque
1330 4765 1452 4823 habuere
1475 4769 1608 4824 tenebrae
1635 4801 1671 4811 —

338 4863 373 4913 45
401 4860 436 4924 es.
463 4859 501 4913 od
527 4857 596 4912 ΠΙ.
615 4863 651 4912 40
685 4856 735 4913 Ou.
759 4857 839 4913 Pout,
863 4857 889 4911 Π
907 4863 931 4912 2.
951 4862 983 4911 ‘11
1017 4855 1153 4927 praeterit
1182 4855 1243 4927 ipse
1271 4873 1336 4911 suos
1366 4855 1460 4912 animo
1488 4856 1670 4914 Cermaquua

340 4964 480 5002 annos-
499 4950 534 5001 49
553 4946 657 5002 Auson.
672 4945 722 5018 Ilp.
737 4947 802 5002 VIII
815 4953 851 5001 43
866 4949 903 5017 (p.
919 4947 1009 5016 23412)
1025 4943 1242 5018 παραθέλξομεν
1261 4945 1321 5002 otia
1339 4945 1418 5003 uitae
1436 4979 1471 4988 -
