3814 5552
759 451 948 508 SILVARVM
965 451 1005 506 111
1024 459 1040 506 3

451 615 549 682 funus
571 620 605 681 et
627 615 784 681 immitem
808 615 917 701 potuit
939 615 1043 704 Styga
1066 616 1194 683 uincere
1218 616 1358 703 supplex

451 722 620 789 Thracius:
652 723 714 788 hoo
733 729 856 808 quanto
874 723 990 789 melius
1009 745 1069 809 pro
1088 728 1181 809 patre
1199 723 1323 790 liceret!

451 853 517 896 non
540 833 630 896 totus
653 831 777 916 rapiere
801 836 909 898 tamen
931 853 990 896 nec
1013 832 1126 898 funera
1148 831 1277 896 mittam

451 938 595 1026 longius3
618 937 671 1004 hic
693 959 820 1022 manes,
842 938 895 1004 hic
918 938 1005 1004 intra
1026 943 1114 1004 tecta
1136 939 1268 1004 tenebo:

451 1051 488 1112 tu
511 1051 620 1112 custos
643 1045 856 1130 dominusque
878 1045 971 1129 laris,
994 1045 1058 1111 tibi
1081 1050 1196 1112 cuncta
1219 1051 1349 1112 tuorum

451 1154 625 1239 parebunt3
648 1176 710 1240 ego
733 1153 795 1218 rite
817 1153 924 1220 minor
946 1175 1137 1238 semperque
1160 1153 1318 1220 secundus

450 1259 595 1328 assiduas
618 1261 731 1326 libabo
754 1260 854 1345 dapes
877 1264 911 1326 et
934 1260 1051 1345 pocula
1073 1260 1170 1326 sacris

451 1369 603 1434 manibus
626 1367 815 1455 effigiesque
839 1366 956 1433 oolam:
992 1371 1025 1433 te
1047 1367 1153 1433 lucida
1176 1391 1267 1453 saxu,

449 1480 483 1541 te
505 1475 645 1541 similem
667 1475 779 1542 doctae
802 1475 920 1540 referet
943 1474 1023 1540 mihi
1046 1474 1132 1541 linea
1154 1497 1258 1562 cerae,

448 1605 535 1648 nuno
558 1583 640 1648 ebur
663 1587 696 1648 et
718 1582 845 1648 fuluum
867 1581 978 1648 uultus
1001 1581 1184 1648 imitabitur
1206 1605 1328 1649 aurum.

450 1689 523 1756 inde
547 1691 633 1756 uiam
656 1710 783 1756 morum
805 1690 986 1777 longaeque
1009 1689 1158 1754 examina
1180 1689 1267 1756 uitae

450 1798 641 1883 adfatusque
665 1796 738 1883 pios
760 1797 987 1882 monituraque
1010 1797 1135 1862 somnia
1158 1797 1312 1882 poscam?

538 1905 618 1972 talia
640 1905 801 1971 dicentem
824 1903 954 1992 genitor
976 1903 1144 1970 dulcedine
1167 1903 1252 1970 laeta

450 2012 541 2079 audit
563 2018 598 2079 et
620 2011 750 2078 inmites
772 2012 861 2077 lente
884 2011 1048 2077 descendit
1071 2011 1111 2076 ad
1134 2012 1266 2077 umbras

450 2121 614 2206 uerbaque
637 2120 774 2185 dilectae
796 2120 860 2184 fert
882 2123 1070 2184 narraturus
1093 2118 1255 2184 Etruscae.

539 2227 627 2294 salue
651 2249 850 2314 supremum,
873 2226 981 2292 senior
1003 2225 1173 2292 mitissime
1196 2231 1339 2312 patrum,

450 2357 701 2420 supremumque
725 2335 812 2420 nale,
834 2335 891 2419 qui
914 2356 1091 2419 numquam
1114 2333 1237 2418 sospite
1260 2338 1337 2400 nato

450 2443 543 2509 triste
567 2443 664 2509 chaos
687 2442 866 2528 maestique
890 2441 973 2508 situs
996 2441 1120 2526 patiere
1144 2439 1293 2526 sepulcri.

450 2572 578 2635 semper
601 2550 743 2617 odoratis
765 2549 938 2634 spirabunt
961 2549 1096 2616 floribus
1120 2571 1206 2633 arae,

450 2679 578 2743 semper
601 2662 635 2722 at
656 2657 808 2743 Assyrios
830 2656 909 2722 felix
933 2656 1026 2722 bibet
1049 2678 1129 2722 mna
1151 2655 1294 2740 liquores

451 2771 484 2831 et
506 2765 667 2851 lacrimas,
690 2765 746 2850 qui
769 2764 872 2830 maior
893 2764 1005 2830 honos.
1051 2763 1105 2828 hio
1128 2785 1218 2828 sacra
1240 2762 1352 2827 litabit

451 2872 602 2939 manibus
625 2894 706 2958 equa
729 2876 787 2937 tua
809 2870 970 2936 tumulum
993 2870 1109 2936 tellure
1130 2869 1264 2935 leuabit.

450 2984 562 3046 nostra
581 3001 709 3065 quoque
728 2977 877 3064 exemplo
896 2977 1031 3044 meritus
1049 2977 1111 3042 tibi
1130 2975 1271 3042 carmina
1289 2977 1393 3042 sancit
1518 2992 1571 3041 aro

450 3088 512 3154 hoc
535 3087 632 3152 etiam
656 3087 800 3175 gaudens
823 3086 962 3151 cinerem
985 3084 1119 3150 donasse
1142 3083 1299 3169 sepulcro.

238 3253 450 3262 ——-—-—-

329 3361 380 3410 194
399 3355 452 3410 hoo
470 3355 552 3409 etiam
566 3353 646 3424 Δ(·9)
664 3385 699 3396 -
723 3357 774 3407 198
793 3351 884 3407 minor
901 3354 984 3409 dmm
997 3350 1078 3420 w)
1106 3381 1139 3391 —
1168 3354 1221 3404 904
1243 3347 1448 3418 morituraqus;
1472 3364 1541 3404 corr.
1556 3365 1570 3400 o

240 3475 272 3486 -
293 3451 345 3498 214
359 3461 403 3514 eq;
417 3445 456 3497 Δ*
474 3475 509 3485 -
528 3449 581 3498 916
600 3441 695 3497 sanxit
712 3443 753 3498 ed.
773 3441 867 3498 Parra.
890 3474 918 3481 -

329 3701 380 3751 195
403 3696 466 3751 Hor.
483 3693 511 3750 O.
526 3695 565 3749 111
578 3699 653 3749 996
674 3711 732 3749 non
754 3691 845 3748 omnia
868 3689 973 3747 moriar
999 3722 1032 3732 -
1063 3696 1112 3745 199
1132 3687 1200 3744 Silo.
1215 3687 1240 3742 V
1255 3693 1279 3743 1.
1295 3693 1346 3743 299
1374 3703 1514 3743 mensae.
1534 3730 1540 3744 .
1561 3730 1568 3743 .

240 3783 372 3841 assiduae
393 3817 423 3826 -
444 3791 496 3840 908
519 3784 603 3854 Verg.
618 3783 650 3837 l.
665 3783 703 3838 XI
717 3789 751 3838 97
770 3782 850 3837 salue
863 3783 1008 3837 aeternum
1024 3823 1065 3837 ...
1080 3781 1280 3848 aeternumque
1294 3777 1358 3833 uala
1378 3776 1568 3833 Marsaeus

239 3874 341 3931 Hosrvs
360 3876 397 3930 M.
413 3875 465 3929 Rh.
480 3875 501 3930 L
516 3879 566 3929 991
587 3903 621 3914 -
