3814 5552
846 439 875 494 P.
895 438 1032 494 PAPlNlI
1050 439 1169 496 STATH

553 607 663 690 teque,
686 626 745 688 per
769 603 938 690 obliquum
962 603 1093 689 penitus
1117 625 1199 688 quae
1220 601 1341 668 laberis
1363 624 1499 687 amnem,

552 710 686 796 Marcia,
709 716 741 777 et
765 711 877 777 audaci
900 711 1093 778 transcurris
1115 711 1249 777 flumina
1272 709 1430 795 plumbo?

553 842 594 884 an
618 819 722 886 solum
745 818 846 884 Ioniis
868 818 928 884 sub
952 818 1107 885 fluctibus
1129 817 1234 883 Elidis
1256 839 1384 882 amnem

554 926 657 992 dulcis
680 926 721 991 ad
743 925 906 992 Aetnaeos
929 925 1066 991 deducat
1089 925 1203 991 semita
1226 925 1362 1010 portus?

554 1034 618 1100 illis
641 1035 712 1120 ipse
736 1034 838 1100 antris
860 1031 1006 1100 Anienm
1029 1034 1118 1099 fonte
1141 1032 1254 1098 relicto

554 1146 648 1208 nocte
672 1143 732 1207 sub
756 1141 1027 1228 arcana·glaucos
1049 1145 1166 1207 exutus
1189 1139 1325 1205 amictus

552 1251 616 1316 huc
638 1251 716 1316 illuc
739 1249 847 1336 fragili
871 1248 1047 1334 prosternit
1070 1252 1203 1333 pectora
1226 1269 1335 1313 musco

553 1361 609 1422 aut
631 1357 746 1444 ingens
769 1356 803 1421 in
827 1360 942 1444 stagna
965 1355 1050 1422 cadit
1073 1356 1256 1440 uitreasque
1279 1358 1393 1420 natatu

554 1464 681 1549 plaudit
704 1485 817 1550 aquas,
840 1463 897 1528 illa
920 1464 1054 1529 recubat
1076 1461 1241 1530 Tiburnus
1264 1461 1299 1528 in
1322 1461 1447 1527 umbra.

552 1571 620 1638 illic
642 1573 812 1658 sulpureos
835 1569 926 1657 cupit
948 1568 1070 1638 Albula
1093 1591 1237 1658 mergere
1260 1569 1372 1650 crines,

507 1690 508 1696 ’
553 1679 632 1746 haec
656 1679 769 1745 domus
791 1678 929 1766 Egeriae
952 1677 1148 1745 nemoralem
1171 1677 1349 1765 abiungere
1373 1676 1524 1742 Phoeben

552 1792 586 1853 et
608 1785 774 1872 Dryadum
798 1786 930 1852 uiduata
954 1785 1060 1852 choris
1083 1785 1226 1872 algentia
1249 1785 1354 1870 possit

553 1894 699 1982 Taygeto
722 1899 755 1960 et
779 1894 870 1961 siluis
893 1915 1055 1960 accersere
1077 1893 1166 1960 Pana
1188 1892 1330 1978 Lycaeis.

552 2002 695 2089 quodni
719 2002 841 2086 templa
865 2002 978 2067 derent
1000 2000 1080 2067 alias
1102 1999 1275 2086 Tirynthia
1297 2004 1410 2088 sortes,

552 2115 584 2175 et
607 2109 834 2177 Praenestinae
857 2113 1009 2195 poterant
1032 2109 1171 2202 migrare
1195 2129 1329 2175 sorores.

552 2217 630 2302 quid
654 2217 758 2284 bifera
780 2217 909 2284 Alcinoi
931 2217 1059 2283 laudem
1083 2216 1229 2302 pomaria
1252 2238 1384 2300 uosque,

553 2325 608 2410 qui
631 2347 809 2411 numquam
832 2325 925 2391 uacui
948 2323 1104 2409 prodistis
1127 2323 1162 2391 in
1185 2323 1324 2410 aethera,
1348 2322 1450 2388 rami?

551 2433 665 2498 cedent
688 2432 856 2519 Telegoni,
879 2432 995 2498 cedant
1016 2431 1190 2498 Laurentia
1213 2429 1314 2498 Turni

553 2538 665 2626 iugera
687 2539 909 2624 Lucrinaeque
932 2538 1046 2604 domus
1067 2537 1212 2624 litusque
1236 2537 1360 2604 cruenti

550 2645 765 2732 Antiphatae,
789 2646 904 2712 cedant
927 2645 1049 2712 uitreas
1072 2645 1150 2732 iuga
1172 2644 1295 2730 perfida
1319 2644 1426 2712 Circes

551 2752 712 2820 Dulichiis
736 2754 859 2820 ululata
881 2752 970 2838 lupis
992 2775 1143 2839 arcesque
1167 2752 1327 2839 superbae

549 2859 695 2928 Anxuris
718 2865 751 2927 et
774 2862 873 2946 sedes,
896 2861 1040 2956 Phrygio
1065 2883 1145 2946 quas
1168 2860 1258 2926 mitis
1281 2860 1411 2927 alumno

551 2968 648 3035 debet
671 2991 765 3054 anus,
788 2968 916 3053 cedant,
940 2990 1022 3054 quae
1045 2972 1078 3034 te
1101 2967 1166 3034 iam
1188 2967 1313 3034 solibus
1336 2967 1416 3034 artis

552 3076 626 3142 auia
647 3076 797 3144 nimbosa
820 3076 1020 3143 reuocabunt
1043 3075 1140 3142 litora
1163 3075 1287 3142 bruma.

640 3184 762 3250 scilicet
785 3184 838 3250 hic
861 3183 909 3249 illi
932 3182 1131 3249 meditantur
1153 3182 1297 3268 pondera
1319 3205 1433 3272 mores,

551 3290 605 3356 hic
627 3291 787 3376 premitur
809 3290 945 3356 fecunda
968 3290 1060 3376 quies
1083 3289 1251 3375 uirtusque
1274 3311 1387 3356 serena

550 3399 657 3464 fronte
681 3399 791 3486 grauis
814 3420 974 3484 sanusque
997 3396 1085 3464 nitor
1106 3397 1249 3484 luxuque
1274 3402 1418 3464 carentes

552 3504 697 3590 deliciae,
722 3527 802 3590 quas
825 3504 895 3590 ipse
920 3505 987 3571 suis
1010 3503 1174 3592 digressus
1196 3503 1335 3570 Athenis

429 3776 462 3826 70
481 3771 622 3840 anienem
641 3776 739 3827 eom
755 3801 788 3811 -
809 3775 840 3824 71
857 3747 1059 3840 arcan0‘(A⁸?);
1078 3787 1147 3826 corr.
1162 3789 1179 3824 ι
1198 3802 1232 3812 -
1252 3776 1285 3826 u
1303 3771 1419 3828 recubet
1432 3773 1618 3830 Baebrms'us
1635 3803 1669 3814 -

338 3859 475 3916 tiberinus
490 3865 512 3914 A
526 3892 561 3902 -
580 3866 613 3916 76
632 3859 735 3931 Egeria
750 3858 883 3915 Hondius
897 3891 932 3900 -
950 3859 1116 3930 adiungera3
1135 3877 1205 3916 corr.
1219 3865 1242 3913 A
1256 3891 1291 3902 —
1309 3866 1344 3916 84
1362 3860 1469 3935 lucrina
1488 3863 1570 3918 ctiam
1582 3861 1624 3915 Δ*
1636 3893 1662 3903 -

338 3956 372 4004 89
396 3950 483 4006 Antia
502 3950 687 4006 Marklandas
723 3948 803 4004 Aleia
824 3949 969 4005 Krobnias
1005 3947 1117 4004 Daunia
1141 3950 1246 4007 Polster
1269 3981 1303 3992 -
1329 3955 1364 4006 92
1383 3967 1523 4021 sanusque
1546 3949 1670 4023 genitor;

339 4057 408 4096 corr.
425 4047 442 4096 ς
462 4073 496 4082 -

430 4298 465 4347 68
485 4292 568 4364 Verg.
588 4291 621 4348 A.
640 4291 747 4347 111694
771 4291 912 4362 Alpheum
937 4291 1013 4346 lama
1035 4294 1079 4346 est
1100 4291 1156 4346 huo
1178 4291 1269 4346 Elidis
1297 4309 1408 4347 amnem
1430 4290 1557 4348 occultas
1580 4291 1672 4362 egisse

339 4380 401 4436 uias
425 4381 522 4436 subter
541 4397 618 4436 mare
641 4413 677 4424 -
700 4387 734 4434 70
753 4383 815 4437 deos
837 4382 965 4452 (leontos
982 4381 1027 4436 bic
1044 4382 1153 4437 inducit
1171 4381 1279 4438 Statius
1296 4389 1329 4438 ct
1346 4383 1407 4437 11.
1427 4387 1464 4436 66
1481 4387 1506 4436 st
1524 4381 1573 4436 IV
1589 4385 1614 4436 3.
1635 4384 1672 4436 67

338 4478 445 4528 secares
468 4471 546 4543 Vera.
567 4471 603 4526 A.
627 4471 707 4526 VIII
721 4475 755 4526 31
779 4470 845 4525 huic
869 4470 937 4526 deus
961 4468 1021 4541 ipse
1044 4469 1099 4526 loci
1122 4470 1209 4526 fluuio
1227 4471 1376 4526 Tiberinus
1399 4486 1517 4525 amoeno
1535 4469 1671 4541 populeas

338 4561 412 4616 inter
431 4560 524 4616 senior
542 4576 571 4616 se
590 4559 721 4616 attollere
739 4559 852 4615 frondes
871 4559 949 4614 uisus
974 4591 1007 4602 -
1031 4576 1094 4616 eum
1118 4559 1210 4614 tenuis
1229 4560 1330 4631 glauco
1350 4559 1467 4616 ualebat
1485 4559 1591 4616 amictu
1609 4577 1669 4616 car-

339 4651 425 4708 basus
449 4653 478 4706 et
496 4649 581 4706 crinis
600 4649 733 4705 umbrosa
750 4649 867 4722 tegebat
884 4648 992 4704 mundo
1011 4681 1044 4692 -
1069 4651 1130 4704 tum
1149 4648 1189 4704 sic
1208 4649 1301 4704 adfari
1318 4667 1342 4706 e.
1357 4668 1383 4719 q.
1399 4667 1421 4704 s.
1457 4650 1591 4704 Imitetur
1607 4650 1633 4706 b.
1653 4650 1671 4706 l.

339 4742 407 4797 Aac.
428 4741 499 4797 Mos.
518 4743 673 4796 170-185
701 4771 734 4780 -
764 4743 795 4794 71
816 4737 885 4796 Silu.
904 4737 918 4792 1
937 4744 960 4795 1.
981 4743 1015 4794 94
1034 4737 1086 4793 sub
1105 4741 1189 4795 nocte
1207 4737 1301 4796 silenti
1329 4769 1361 4780 -
1392 4744 1424 4793 73
1444 4738 1510 4795 Aue.
1530 4738 1598 4794 Mos.
1618 4743 1672 4794 344

338 4833 374 4898 et.
390 4831 427 4885 od
445 4849 472 4886 a.
487 4835 524 4886 43
544 4859 577 4871 -
598 4833 631 4885 76
650 4829 732 4884 Mart.
746 4828 759 4882 I
775 4833 843 4885 122
863 4844 990 4898 canaque
1009 4827 1146 4899 sulpureis
1165 4827 1271 4883 Albula
1289 4829 1382 4884 fumat
1398 4827 1480 4898 aquis
1498 4857 1532 4869 -
1551 4832 1586 4882 85
1604 4827 1670 4884 Hor.

341 4919 369 4974 (l.
384 4919 397 4973 1
413 4925 453 4974 17.
469 4925 503 4974 20
522 4919 696 4988 uitreamque
712 4917 809 4974 Circen
828 4950 861 4959 -
882 4924 915 4974 86
934 4917 1036 4972 hucac.
1051 4917 1090 4972 111
1104 4923 1138 4973 sl
1156 4917 1320 4990 praecipitis
1401 4915 1522 4974 Anxuris
1542 4933 1620 4974 arces
1636 4947 1672 4959 -·
