3820 5558
779 438 965 494 smvauvu
983 440 1032 495 Vl
1509 443 1572 508 173

452 604 563 666 tantus
586 601 620 666 in
643 602 783 667 attonito
806 603 966 689 regnabat
988 607 1119 687 pectore
1142 603 1261 669 luctus!

451 729 537 772 nunc
556 707 654 774 etiam
672 709 713 774 ad
731 709 881 794 planctus
898 710 1021 797 refugit
1039 710 1104 775 iam
1123 709 1220 795 plana
1239 710 1386 797 cicatrix,
1537 730 1572 778 30

453 815 529 880 dum
551 815 708 904 canimus,
731 818 952 904 grauibusque
975 817 1077 884 oculis
1100 817 1233 883 uxorius
1256 818 1356 884 instat

453 922 565 989 imber.
602 923 766 988 habentne
784 924 857 1008 pios
876 924 1054 991 etiamnum
1071 924 1150 990 haec
1168 923 1291 990 lumina
1309 925 1427 991 fletus?

452 1029 533 1095 mira
556 1029 648 1096 fides!
684 1029 780 1096 citius
803 1031 951 1118 genetrix
973 1030 1119 1116 Sipyleia
1141 1032 1246 1098 femur

453 1136 640 1204 exhausisse
663 1161 776 1225 genas,
800 1138 896 1204 citius
918 1138 1094 1205 Tithonida
1116 1140 1231 1206 maesti

452 1244 601 1311 deficient
623 1267 712 1312 rores
735 1250 791 1311 aut
814 1247 972 1312 exsatiata
995 1247 1123 1312 fatiscet

450 1357 554 1418 mater
575 1352 732 1418 Achilleis
755 1353 878 1419 hiemes
901 1354 1090 1442 adfrangere
1115 1353 1229 1421 bustis.

451 1464 554 1526 macte
573 1460 686 1526 animi!
722 1464 815 1527 notat
837 1461 900 1526 ista
918 1462 1010 1550 deus,
1034 1462 1089 1547 qui
1112 1463 1214 1528 flectit
1232 1463 1376 1529 habenas

451 1566 542 1632 orbis
564 1570 597 1632 et
619 1569 778 1634 humanos
801 1569 936 1654 propior
958 1568 1035 1635 Ioue
1058 1569 1177 1656 digerit
1200 1573 1304 1657 actus,

452 1679 711 1760 maerentemque
734 1675 824 1741 uidet
847 1677 986 1761 lectique
1009 1699 1125 1742 aroana
1146 1676 1286 1743 ministri

451 1781 527 1848 hinc
546 1783 643 1848 etiam
663 1782 855 1849 documenta
872 1784 974 1869 capit,
993 1783 1080 1868 quod
1098 1783 1207 1872 diligis
1226 1785 1374 1852 umbram

453 1893 486 1954 et
508 1890 588 1956 colis
611 1891 772 1976 exequias.
818 1890 871 1956 hic
893 1894 944 1956 est
967 1890 1166 1958 castissimus
1188 1893 1296 1980 ardor,

452 1996 504 2062 hic
527 2019 617 2063 amor
639 2021 659 2062 a
681 1998 811 2064 domino
834 1999 969 2064 meritus
991 2020 1122 2065 censore
1145 2000 1287 2084 probari.

540 2126 600 2170 nec
622 2105 754 2190 mirum,
776 2105 803 2171 si
828 2127 886 2172 uos
909 2106 1026 2172 collato
1050 2110 1182 2191 pectore
1205 2107 1325 2174 mixtos

453 2209 560 2276 iunxit
583 2211 759 2297 inabrupta
782 2212 952 2279 concordia
973 2213 1073 2300 longa
1095 2218 1216 2280 catena

453 2317 509 2384 illa
531 2319 661 2404 quidem
684 2325 854 2406 nuptuque
878 2321 969 2405 prior
990 2321 1164 2408 taedasque
1188 2321 1304 2386 marito

454 2447 549 2510 passa
571 2426 649 2512 alio,
671 2428 728 2493 sed
750 2432 784 2493 te
806 2450 866 2492 ceu
888 2428 1077 2515 uirginitate
1099 2429 1247 2517 iugatum

456 2533 634 2600 uisceribus
657 2533 736 2600 totis
759 2535 928 2620 animaque
951 2536 1102 2620 amplexa
1125 2536 1273 2623 fouebat,

455 2641 595 2726 qualiter
615 2663 780 2726 aequaeuo
803 2642 956 2708 sociatam
981 2643 1115 2728 palmite
1138 2643 1240 2709 uitem

455 2748 562 2814 ulmus
583 2752 672 2814 amat
693 2749 873 2834 miscetque
896 2771 1009 2815 nemus
1033 2750 1196 2835 ditemque
1219 2757 1370 2836 precatur

454 2859 645 2922 autumnum
669 2861 702 2922 et
724 2857 806 2923 caris
828 2856 948 2944 gaudet
971 2857 1120 2923 redimita
1143 2857 1285 2923 racemis.

453 2963 625 3029 laudantur
647 2964 780 3050 proauis
802 2987 859 3030 seu
882 2964 1036 3050 pulchrae
1059 2986 1191 3030 munere
1214 2965 1349 3053 formae,

453 3093 535 3157 quae
558 3093 684 3138 morum
708 3093 837 3138 caruere
862 3071 970 3156 bonis,
992 3071 1155 3158 falsaeque
1179 3077 1330 3158 potentes

453 3178 557 3244 laudis
575 3183 673 3266 egent
692 3201 799 3264 uerae3
818 3178 881 3244 tibi
900 3201 1095 3265 quamquam
1113 3185 1146 3246 et
1165 3180 1257 3268 origo
1277 3181 1395 3246 niteret

453 3290 486 3350 et
508 3285 587 3351 felix
610 3287 735 3372 speeies
758 3287 960 3372 multumque
984 3287 1127 3373 optanda
1149 3288 1290 3374 maritis,

453 3415 494 3458 ex
516 3398 549 3459 te
572 3395 675 3459 maior
696 3395 813 3461 honos:
849 3417 949 3461 unum
972 3395 1101 3461 nouisse
1124 3396 1245 3484 cubile,

454 3522 553 3567 unum
577 3501 709 3568 secretis
731 3503 855 3590 agitare
878 3503 940 3568 sub
964 3504 1093 3569 ossibus
1116 3503 1232 3590 ignem.

453 3608 546 3674 illum
567 3631 626 3675 nec
649 3609 813 3698 Phrygius
836 3610 1120 3696 uitiassetraptor
1141 3634 1282 3676 amorem

453 3715 637 3782 Dulichiiue
660 3718 750 3802 proci
774 3740 833 3783 uec
856 3717 910 3804 qui
935 3721 1096 3785 fraternus
1119 3719 1245 3785 adulter

242 3871 451 3880 ——-.—--—..-.

329 3970 363 4018 33
396 3965 421 4020 si
448 3965 542 4036 pelea;
575 3973 682 4023 coru&
724 3966 840 4036 Sipylea
867 3967 972 4023 feretur
999 3967 1134 4024 Erinnae
1166 3999 1198 4008 -
1237 3973 1272 4022 46
1300 3970 1473 4038 nuptumque
1489 3975 1506 4024 'c
1539 3999 1571 4010 -

241 4061 274 4108 61
293 4054 445 4110 laudentur
459 4073 473 4108 o
487 4087 521 4096 -
536 4055 634 4126 proaai
654 4072 716 4124 seu;
735 4073 804 4113 corr.
820 4064 838 4112 ς
870 4056 983 4127 proauis
1002 4059 1032 4112 et
1050 4058 1209 4114 Politianus
1239 4057 1353 4127 proauis
1371 4060 1422 4112 aut
1440 4058 1574 4114 Halmius

240 4142 340 4214 proaui
359 4161 408 4199 seu
427 4189 433 4200 .
451 4189 478 4200 ..
498 4163 614 4201 munera
632 4146 738 4202 formae
757 4147 889 4215 Imbutae
915 4179 950 4188 -
978 4151 1012 4200 52
1031 4146 1172 4216 falsoque;
1196 4163 1264 4203 corr.
1279 4147 1414 4204 Heirwiue
1445 4147 1573 4216 falsoque

240 4233 382 4290 Marcius
402 4267 436 4276 -

329 4473 363 4523 29
382 4467 469 4524 Theb.
484 4467 563 4524 141⁷
586 4469 676 4525 maior
692 4469 723 4524 in
736 4470 838 4542 exiguo
856 4471 995 4542 regnabat
1012 4487 1127 4541 corpore
1145 4470 1236 4526 uirtus
1254 4473 1289 4538 cf.
1304 4470 1364 4527 Vo.
1375 4476 1409 4526 28
1429 4501 1463 4512 -
1482 4477 1516 4525 33
1535 4473 1571 4539 cs.

239 4559 277 4614 ad
296 4557 469 4614 luam-
488 4564 523 4612 34
542 4557 628 4615 lheb.
644 4559 669 4613 X
685 4565 735 4614 166
754 4559 939 4629 exhauritque
958 4575 1045 4630 genas
1059 4591 1094 4600 -
1112 4566 1147 4615 47
1167 4559 1334 4616 Silu.va.e
1353 4560 1463 4615 uiscera
1476 4563 1572 4614 nostra

240 4649 338 4702 tenens
357 4646 538 4717 animamque
556 4655 581 4704 et
598 4650 633 4717 cf.
648 4651 686 4704 ad
705 4650 823 4704 [11636
841 4681 876 4690 -
894 4655 929 4704 48
949 4649 1138 4706 Commodias.
1153 4649 1234 4706 lnatr.
1250 4649 1326 4704 XXX
1342 4655 1374 4703 16
1393 4649 1467 4704 sicut
1479 4647 1571 4703 ulmus

239 4740 318 4793 amat
344 4735 433 4791 uitem
460 4767 495 4778 -
527 4743 561 4792 66
584 4737 683 4793 Alcim.
704 4739 779 4794 huit.
799 4738 885 4794 Laud.
905 4739 976 4810 nirg.
996 4745 1048 4793 624
1081 4742 1166 4808 atque
1194 4757 1279 4794 unum
1307 4755 1389 4794 nosse
1417 4737 1510 4794 cubile
1538 4771 1571 4780 —-

239 4833 274 4880 66
296 4827 379 4898 Verg.
395 4825 427 4881 G.
442 4825 481 4880 Ill
495 4833 548 4881 258
580 4827 625 4882 cui
646 4830 742 4883 uersat
764 4829 794 4882 in
812 4828 923 4883 ossibus
942 4828 1037 4898 ignem
1060 4827 1146 4882 durus
1165 4845 1243 4883 amor
1261 4829 1329 4885 Aen,
1349 4829 1429 4883 1660
1460 4828 1571 4882 ossibus

239 4914 367 4987 implicet
384 4916 480 4987 ignem
498 4949 532 4958 -
