3814 5552
753 481 938 539 SILVARVM
957 483 983 537 Π
1003 491 1016 538 1

432 642 594 710 Ausonios
617 643 702 712 inter
723 669 872 730 proceres
895 648 1072 733 seriemque
1095 646 1219 725 Quirini

431 752 575 840 agnouit,
598 751 711 818 timide
733 754 873 840 primum
897 755 1036 843 uestigia
1058 755 1165 843 iungit

432 881 559 925 accessu
583 859 683 926 tacito
707 883 912 948 summosque
935 863 1063 929 lacessit
1086 863 1231 946 amictus,

432 966 504 1032 inde
523 968 627 1056 magis
646 969 800 1055 sequitur,
818 993 922 1055 neque
941 971 1026 1036 enim
1044 970 1149 1058 magis
1167 970 1221 1035 ille
1239 968 1422 1036 trahentem

433 1075 556 1160 spernit
579 1081 611 1140 et
634 1076 746 1164 ignota
769 1078 870 1143 credit
893 1078 932 1144 de
955 1078 1057 1163 stirpe
1079 1082 1243 1162 nepotum.

432 1203 507 1246 mox
532 1182 587 1247 ubi
613 1183 742 1249 delicias
766 1189 798 1250 et
821 1185 884 1250 reri
908 1185 1027 1274 pignus
1049 1185 1144 1250 amici

432 1288 533 1354 sensit
557 1295 589 1355 et
612 1291 722 1357 amissi
745 1315 881 1377 puerum
905 1293 1023 1358 solacia
1046 1292 1161 1376 Blaesi,

432 1395 520 1461 tollit
542 1397 641 1463 humo
664 1421 845 1486 magnaque
867 1400 950 1487 liget
973 1401 1095 1466 ceruice
1118 1400 1236 1484 diuque

434 1502 502 1590 ipse
525 1527 622 1571 manu
645 1506 789 1594 gaudens
813 1508 902 1573 uehit
925 1512 965 1594 et,
990 1529 1071 1594 quae
1094 1530 1226 1573 munera
1249 1507 1356 1573 mollis

432 1609 545 1698 Elysii,
568 1613 695 1679 steriles
718 1637 824 1680 ramos
846 1620 1016 1701 mutasque
1040 1615 1186 1682 uolucres

434 1720 546 1806 porgit
569 1725 602 1786 ct
625 1726 764 1807 optunso
788 1723 946 1808 pallentes
969 1723 1113 1810 germine
1136 1724 1239 1788 flores.

432 1849 490 1892 nec
513 1827 667 1914 prohibet
690 1829 873 1896 meminisse
897 1830 954 1916 tui,
978 1831 1033 1896 sed
1056 1835 1187 1918 pectora
1210 1830 1348 1896 blandus

431 1935 545 2001 miscet
568 1941 601 2002 et
623 1938 782 2004 alternum
807 1938 898 2023 pueri
922 1939 1064 2024 partitur
1084 1961 1232 2005 amorem.

521 2043 575 2109 hic
597 2043 671 2110 finis
694 2051 797 2130 rapto.
843 2046 922 2131 quin
944 2051 981 2112 tu
1004 2046 1069 2112 iam
1091 2047 1226 2112 uulnera
1248 2045 1339 2111 sedes

433 2155 466 2214 et
488 2150 578 2216 tollis
600 2175 740 2218 mersum
762 2153 852 2219 luctu
877 2153 995 2240 caput?
1028 2153 1135 2220 omnia
1157 2154 1268 2218 functa

433 2263 489 2323 aut
512 2259 668 2324 moritura
691 2259 794 2325 uides:
817 2259 940 2327 obeunt
962 2267 1137 2347 noctesque
1159 2260 1290 2347 diesque

433 2370 582 2450 astraque
605 2388 664 2432 nec
687 2366 800 2433 solidis
823 2368 955 2452 prodest
977 2391 1034 2434 sue
1056 2368 1205 2434 machina
1227 2368 1330 2434 terris.

432 2495 507 2538 nam
531 2475 673 2559 populus
696 2474 832 2540 mortale
855 2499 957 2564 genus
981 2475 1151 2562 plebisque
1174 2476 1310 2542 caducae

434 2581 506 2665 quis
525 2581 600 2646 fleat
619 2582 791 2648 interitus?
814 2582 874 2648 hos
892 2583 988 2667 bella,
1006 2584 1066 2649 hos
1088 2606 1227 2670 aequora
1245 2587 1392 2668 poscunt,

433 2687 485 2752 his
509 2711 599 2753 amor
621 2689 730 2776 exitio,
753 2691 843 2755 furor
865 2691 916 2756 his
939 2696 972 2756 et
994 2713 1090 2757 saeua
1113 2691 1239 2776 cupido,

433 2800 470 2861 ut
493 2795 605 2861 sileam
627 2797 767 2884 morbos,
789 2798 850 2864 hos
874 2819 930 2863 ora
952 2798 1091 2884 rigentia
1114 2797 1262 2882 Brumae,

434 2901 506 2968 illos
530 2902 700 2988 implacido
724 2904 831 2969 letalis
853 2904 956 2970 Sirius
979 2905 1059 2992 igni,

433 3009 493 3074 hos
516 3016 624 3076 manet
647 3011 813 3078 imbrifero
836 3012 962 3098 pallens
984 3011 1169 3079 Autumnus
1193 3013 1293 3078 hiatu.

433 3116 586 3202 quicquid
609 3117 671 3182 init
693 3123 793 3204 crtus,
815 3119 913 3184 finem
935 3120 1037 3185 timet.
1084 3119 1203 3186 ibimus
1228 3142 1349 3204 omnes,

432 3223 566 3291 ibimus:
589 3224 754 3291 immensis
778 3249 892 3292 urnam
916 3227 1021 3312 quatit
1043 3226 1169 3293 Aeacus
1192 3228 1324 3292 umbris.

433 3336 485 3397 ast
502 3331 564 3418 bic,
588 3354 682 3418 quem
701 3333 869 3419 gemimus,
892 3334 970 3399 felix
988 3334 1198 3420 hominesque
1222 3334 1361 3418 deosque
1500 3351 1552 3399 220

330 3453 333 3458 “
434 3444 467 3504 et
490 3439 606 3505 dubios
629 3463 721 3506 casus
744 3446 777 3505 et
800 3463 910 3506 caecae
933 3441 1058 3508 lubrica
1080 3442 1167 3508 uitae

434 3547 558 3634 effugit,
582 3547 734 3613 immunis
757 3548 854 3614 Fatis.
900 3571 966 3614 non
988 3549 1044 3614 ille
1067 3550 1205 3638 rogauit,

434 3676 499 3719 non
521 3654 632 3719 timuit
655 3655 812 3721 meruitue
835 3655 931 3742 mori,
952 3679 1012 3722 nos
1035 3657 1131 3722 anxia
1153 3657 1276 3744 plebes,

434 3783 494 3826 nos
516 3761 633 3842 miseri,
658 3762 776 3846 quibus
800 3763 883 3828 unde
906 3763 973 3829 dies
996 3786 1153 3850 suprema,
1178 3763 1250 3850 quis
1275 3765 1346 3830 aeui

434 3869 548 3956 exitus,
571 3869 737 3956 incertum,
762 3870 880 3955 quibus
904 3869 1003 3936 instet
1026 3871 1148 3937 fulmen
1171 3872 1212 3937 ab
1236 3871 1341 3954 astris,
1501 3889 1553 3936 225

311 4107 362 4154 204
381 4097 554 4170 multasquc;
573 4117 672 4156 corus
696 4132 728 4142 -
753 4106 805 4156 205
824 4099 913 4172 porsit
931 4106 1033 4155 tro·
1069 4101 1159 4173 prosit
1176 4106 1245 4156 11111
1276 4101 1397 4172 promsit
1414 4102 1552 4156 Baehren-

220 4193 279 4246 sr'us
295 4189 391 4260 porgit
409 4189 552 4245 Bentles'us
569 4189 663 4261 porxit
678 4196 695 4245 ς
716 4221 748 4231 -
770 4191 871 4246 obtuso
890 4207 904 4244 o
925 4223 954 4232 -
976 4197 1027 4244 212
1044 4191 1172 4262 populos,
1190 4190 1310 4245 mortale
1327 4207 1425 4262 genus,
1444 4193 1503 4245 edel.
1520 4223 1553 4232 -

220 4283 273 4333 218
291 4278 346 4334 init
363 4281 446 4334 etiam
464 4278 506 4331 Δ·
523 4311 559 4320 -
578 4284 629 4333 219
648 4280 758 4335 Aeaeus
777 4279 851 4334 ulnis
871 4287 888 4334 ς
921 4279 1074 4334 innumeris
1152 4280 1258 4335 umbris
1273 4281 1501 4336 macroconto
1519 4312 1554 4321 —

220 4375 274 4422 222
288 4367 421 4422 immunis
440 4367 522 4424 letis
538 4399 570 4409 -
586 4374 638 4422 223
652 4369 749 4424 timuit
762 4369 891 4424 renuitue
906 4369 1039 4425 Heinsius
1057 4401 1092 4410 -

310 4589 363 4638 202
383 4583 452 4639 Silu.
466 4581 506 4638 111
519 4589 543 4639 2.
556 4589 607 4638 182
626 4599 731 4655 magna
749 4583 857 4640 ceruice
875 4583 996 4655 ligatum
1029 4584 1066 4638 ΠΙ
1085 4591 1109 4638 3.
1127 4589 1178 4639 188
1196 4601 1300 4656 magne
1320 4627 1325 4640 .
1342 4627 1370 4640 ..
1391 4583 1499 4640 ceruice
1518 4616 1553 4625 -

222 4671 725 4743 2141uu.XlV175=saeuscupidc
750 4707 781 4716 -
806 4679 858 4728 215
877 4673 1056 4728 Lucen.117
1075 4674 1175 4730 bruma
1193 4674 1286 4746 rigens
1311 4705 1343 4715 -
1369 4679 1420 4728 218
1440 4675 1504 4729 Hor.
1525 4675 1554 4730 C.

221 4763 246 4817 ll
264 4769 350 4818 1110
368 4761 481 4830 ibimus,
501 4761 604 4817 ibimus
625 4806 674 4820 ...
695 4781 854 4835 supremum
869 4779 983 4834 carpere
1001 4762 1056 4818 iter
1082 4763 1158 4820 Pers.
1173 4764 1211 4817 III
1226 4768 1258 4818 41
1280 4763 1360 4828 imus,
1381 4763 1454 4818 imus
1473 4781 1552 4834 prae·

222 4851 322 4924 cipites
354 4851 510 4906 Menander
527 4853 560 4908 fr.
576 4858 625 4908 281
647 4852 733 4923 (Com.
745 4853 783 4908 IV
797 4853 907 4922 223111.)
931 4851 977 4907 ἐπὶ
998 4849 1078 4908 τοῦτ’
1091 4851 1221 4924 ἐγένοντο
1235 4853 1351 4922 πάντες,
1372 4850 1478 4908 tvuet’
1490 4836 1553 4924 ἥξο-

222 4961 274 5013 μεν
290 4973 322 4982 -
337 4947 390 4996 223
403 4941 491 4998 Theb.
502 4941 540 4996 llI
551 4947 602 4996 563
620 4959 671 4997 nos
685 4959 803 5012 prauum
819 4946 846 4998 et
861 4941 955 4997 flebile
969 4941 1085 5012 uulgus3
1099 4943 1159 4998 alia
1173 4945 1210 4999 ad
1228 4942 1297 4998 Silo.
1311 4943 1337 4996 ll
1351 4948 1376 4998 2.
1388 4947 1437 4999 122
1444 4961 1504 5014 sqq.
1520 4975 1554 4984 -
