3820 5558
866 437 897 493 P.
916 435 1052 492 PAPINII
1070 436 1188 492 STATII

574 601 671 666 funus
694 604 754 666 eat.
801 600 869 666 ‘sed
891 623 950 666 nec
973 601 1068 666 modo
1092 623 1126 666 se
1148 599 1275 666 Natura
1297 600 1420 665 dolenti

573 730 633 773 nec
655 706 764 775 Pietas
786 707 909 774 iniusta
931 707 1048 774 deditl’
1086 707 1166 773 mihi
1189 707 1300 772 limine
1323 706 1428 793 primo

574 815 715 882 fatorum
738 819 771 880 et
793 814 906 901 uiridi,
928 815 1070 902 genitor,
1093 837 1151 880 ceu
1170 819 1284 900 raptus
1306 816 1348 880 ab
1372 837 1452 880 aeuo

574 923 708 988 Tartara
732 921 811 988 dura
829 922 928 988 subis
971 945 1031 989 nec
1054 923 1139 988 enim
1161 921 1365 988 Marathonia
1388 922 1481 1009 uirgo

573 1030 701 1116 parcius
725 1030 904 1096 extinctum
929 1052 1097 1096 saeuorum
1121 1029 1253 1096 crimine
1277 1033 1441 1117 agrestum

575 1137 702 1202 fleuerit
724 1135 876 1222 Icarium,
898 1137 1043 1224 Phrygia
1067 1159 1163 1222 quam
1186 1141 1275 1202 turre
1298 1129 1464 1204 cadentem

574 1245 772 1329 Astyanacta
793 1265 921 1328 parens:
949 1243 1064 1328 laqueo
1088 1243 1167 1329 quin
1190 1243 1246 1308 illu
1269 1265 1420 1329 supremo

575 1352 707 1418 inclusit
729 1350 884 1438 gemitus,
906 1355 940 1416 at
963 1356 996 1416 te
1019 1355 1095 1437 post
1117 1351 1231 1416 funera
1253 1350 1363 1437 magni

575 1458 726 1524 Hectoris
748 1457 929 1524 Haemonio
952 1456 1057 1542 pudor
1080 1461 1130 1523 est
1152 1457 1289 1524 semisse
1313 1457 1437 1522 marito.

664 1589 730 1631 non
753 1588 827 1652 ego,
850 1588 930 1650 quas
953 1564 1013 1630 fati
1036 1569 1143 1630 certus
1161 1565 1226 1630 sibi
1248 1569 1353 1630 morte
1371 1586 1488 1630 canora

576 1672 708 1739 inferias
731 1672 913 1759 praemittit
936 1672 1007 1738 olor
1029 1695 1088 1739 uec
1111 1695 1191 1755 rupe
1215 1671 1301 1758 quod
1324 1677 1395 1738 atra

575 1781 760 1866 Tyrrhenae
784 1779 931 1846 uolucres
953 1780 1061 1845 nautis
1083 1779 1253 1864 praedulce
1276 1780 1453 1866 minantur,

576 1888 609 1954 in
628 1887 751 1973 patrios
769 1886 932 1953 adhibebo
952 1909 1063 1974 rogos,
1086 1911 1151 1954 non
1169 1909 1332 1954 murmure
1350 1891 1466 1953 trunco

576 1995 663 2081 quod
685 1995 788 2082 gemit
811 1999 845 2059 et
867 1994 964 2060 durae
988 1994 1135 2080 queritur
1156 1995 1337 2061 Philomela
1359 1994 1475 2061 sorori:

576 2107 655 2168 uota
677 2101 775 2168 nimis
797 2101 874 2167 uati.
920 2101 993 2186 quis
1016 2123 1081 2168 nou
1104 2103 1138 2168 in
1161 2103 1273 2169 funere
1296 2107 1430 2168 cunctos

577 2208 749 2274 Heliadum
772 2231 879 2274 ramos
902 2207 1134 2296 lacrimosaque
1157 2211 1303 2297 germina
1326 2208 1410 2274 dixit

578 2321 611 2382 et
629 2315 809 2403 Phrygium
828 2315 951 2380 silicem
969 2319 1067 2402 atque
1086 2339 1200 2383 ausum
1219 2316 1379 2383 contraria
1393 2315 1527 2382 Phoebo

578 2423 720 2489 carmina
741 2444 801 2488 nec
823 2421 887 2488 fida
909 2422 1056 2509 gauisarn
1079 2422 1212 2490 Pallada
1236 2424 1347 2491 buxo?

578 2535 612 2595 te
634 2529 744 2596 Pietas
766 2528 870 2595 oblite
893 2528 999 2596 uirum
1023 2534 1236 2618 rcuocataque
1259 2531 1347 2597 caelo

578 2635 707 2703 Iustitia
730 2641 764 2701 et
785 2636 915 2723 gemina
937 2635 1073 2724 plangat
1095 2637 1259 2704 Facundia
1280 2639 1392 2725 lingua

579 2747 613 2808 et
635 2742 742 2808 Pallas
765 2741 915 2828 doctique
938 2743 1054 2810 cohors
1076 2742 1246 2810 Heliconia
1268 2743 1407 2832 Phoebi,

580 2851 653 2936 quis
676 2850 769 2917 luhor
791 2849 915 2917 Aonios
937 2873 1014 2917 seno
1038 2851 1120 2936 pede
1143 2851 1258 2917 ducere
1281 2874 1413 2937 campos

580 2958 756 3044 atquibus
779 2957 918 3024 mendis
940 2979 1069 3024 carmen
1092 2958 1253 3024 testudine
1276 2959 1396 3024 mensis

580 3087 656 3132 cura
673 3065 762 3150 lyrae
779 3087 961 3150 nomenque
980 3065 1043 3130 fuit
1062 3087 1206 3150 quosque
1226 3067 1305 3131 orbe
1323 3067 1384 3132 sub
1404 3068 1491 3132 omni

580 3173 679 3239 ardua
703 3177 839 3259 septena
860 3177 1010 3238 numerat
1033 3171 1200 3258 Sapientia
1222 3175 1322 3263 fama,

580 3281 635 3364 qui
658 3280 773 3346 Furias
796 3302 974 3367 regumque
998 3280 1109 3346 domos
1132 3302 1308 3366 auersaque
1332 3281 1420 3347 caelo

581 3388 686 3453 sidera
708 3387 847 3454 terrifico
871 3409 969 3473 super
991 3387 1160 3454 intonuere
1184 3387 1355 3476 cothumo‚

582 3499 616 3560 et
639 3495 694 3580 qui
717 3495 839 3561 lasciua
862 3495 948 3561 uires
971 3499 1103 3560 tenuere
1126 3494 1241 3561 Thalia

584 3602 676 3668 dulce
699 3602 753 3668 uel
775 3603 891 3668 heroos
914 3625 1027 3690 gressu
1051 3607 1200 3669 truncare
1223 3604 1345 3670 leones:

460 3822 492 3870 81
513 3817 595 3870 funus
614 3817 716 3872 eratB
741 3847 775 3855 —
801 3831 852 3869 nec
870 3814 940 3868 mihi
960 3833 974 3868 o
993 3847 1026 3855 —
1051 3821 1084 3869 78
1103 3814 1133 3870 in
1152 3815 1227 3870 insta
1245 3815 1425 3872 Boxhomias
1447 3847 1481 3856 -—
1506 3821 1538 3870 88
1559 3831 1702 3887 supremos

370 3907 429 3962 cdd.
453 3937 487 3946 —
511 3909 545 3959 88
564 3921 705 3960 murmure
723 3921 808 3960 rauco
826 3909 850 3957 B
872 3937 907 3946 -
930 3907 965 3958 86
984 3906 1066 3972 uata;
1084 3921 1187 3960 corno
1214 3937 1249 3946 —
1277 3907 1376 3960 cuncto
1395 3906 1487 3975 (etiam
1504 3905 1582 3976 A⁸?);
1600 3922 1703 3960 corno

371 4027 405 4037 -
433 3999 467 4050 88
495 4011 546 4049 nec
569 3993 654 4049 foeda
672 3993 807 4050 Halmius
834 4025 868 4034 -
897 3997 931 4048 88
958 3992 1030 4064 pede
1054 4009 1163 4048 currere
1181 3993 1317 4050 1181818188
1348 3993 1449 4048 ducere
1471 3996 1572 4050 cantus
1600 3996 1704 4050 amicus

370 4086 484 4158 widem
508 4084 645 4139 Gronoaii
676 4115 711 4123 -
744 4088 778 4138 84
806 4081 964 4152 ciolalyben
982 4101 1000 4135 ι
1035 4081 1195 4152 cydalibem
1213 4087 1346 4136 um
1380 4081 1458 4152 Cyda
1480 4081 1594 4138 laboro
1626 4083 1704 4138 Cirta

372 4175 532 4230 Politicaaa
555 4189 622 4228 cura
640 4173 718 4242 lyrae
734 4171 893 4230 Gronoaias
912 4188 979 4228 cura
992 4171 1052 4240 lyre
1067 4171 1255 4228 Marmarata
1273 4203 1307 4212 —
1327 4177 1361 4226 88
1379 4173 1410 4227 88
1425 4171 1517 4240 quiso
1536 4205 1569 4213 —
1588 4175 1705 4228 tenuare

373 4265 533 4322 Potitium
550 4295 585 4304 —-
606 4267 640 4317 88
659 4277 754 4330 oroos;
777 4261 877 4316 heroos
891 4267 915 4315 B
932 4292 967 4302 -
986 4265 1116 4316 truncare
1134 4263 1244 4316 tenores
1259 4280 1273 4315 o
1291 4293 1326 4302 —

461 4464 494 4513 71
522 4459 572 4515 Ou.
592 4457 800 4524 Trist.Y1.14
832 4457 917 4512 funus
942 4459 990 4512 888
1014 4459 1049 4526 cs.
1075 4457 1162 4512 Theb.
1178 4457 1230 4512 VH
1244 4464 1296 4512 688
1321 4458 1381 4528 (888
1402 4457 1424 4510 Ρ
1442 4458 1528 4526 solas,
1559 4461 1621 4512 crat
1645 4463 1704 4514 cett.

261 4519 264 4524 Ι
371 4551 511 4620 88181.)-
531 4554 565 4604 ‘12
583 4547 641 4604 lim.
656 4566 697 4618 pr.
712 4549 746 4616 cs.
762 4549 799 4604 ad
817 4547 842 4601 V
857 4553 881 4602 8.
892 4551 927 4601 86
946 4579 980 4588 -
999 4553 1101 4616 80sqq.
1120 4548 1155 4614 cf.
1170 4547 1209 4600 111
1223 4552 1310 4603 8178
1319 4565 1378 4616 sqq.
1397 4548 1447 4604 oti
1465 4565 1491 4602 u.
1508 4553 1559 4602 176
1577 4547 1631 4602 lati
1647 4547 1704 4602 iam

372 4643 464 4695 certus
482 4639 542 4694 olor
565 4669 599 4678 —
623 4642 658 4691 88
677 4635 764 4691 Theb.
779 4635 843 4690 VIII
858 4641 909 4690 618
932 4639 1062 4690 truncum
1080 4653 1115 4690 ac
1132 4635 1226 4690 flebile
1244 4653 1369 4691 murmur
1386 4635 1437 4692 XII
1451 4642 1503 4692 478
1531 4638 1630 4690 trunco
1649 4651 1705 4690 ser-

372 4745 453 4784 mono
471 4735 615 4798 amoime
628 4727 661 4782 dc
675 4727 800 4782 luscinias
818 4757 852 4765 -
872 4731 906 4778 86
921 4724 989 4780 Silu.
1003 4725 1016 4778 Ι
1031 4730 1117 4780 8188
1137 4725 1306 4795 Clymenaea
1316 4769 1322 4781 .
1334 4769 1340 4780 .
1352 4769 1358 4782 .
1369 4725 1497 4796 germina
1515 4725 1602 4780 Theb.
1616 4725 1643 4778 11
1653 4729 1705 4778 880

373 4817 465 4872 flebile
484 4833 598 4888 germen
612 4813 798 4886 Hesperidum
812 4847 847 4856 -
866 4818 900 4868 88
920 4813 987 4870 Sila.
1006 4813 1032 4867 Il
1048 4819 1072 4868 1.
1083 4819 1135 4868 116
1158 4813 1267 4870 1888188
1280 4814 1383 4870 Thalia
1395 4847 1429 4856 -
1454 4821 1487 4869 88
1507 4815 1575 4870 Silu.
1590 4815 1601 4868 I
1617 4819 1641 4870 8.
1653 4819 1706 4868 860

373 4906 422 4976 qui
441 4905 535 4961 nobile
553 4922 651 4976 gressu
670 4906 794 4958 extremo
813 4903 952 4958 fraudatis
971 4919 1042 4973 opus
1060 4912 1086 4962 ct
1102 4912 1197 4962 notam
1214 4905 1252 4962 cd
1270 4904 1346 4960 Ι8,7
1368 4937 1401 4945 -
