3814 5552
860 468 890 524 P.
910 467 1047 524 PAPINII
1066 467 1184 524 aurun

568 636 600 696 et
623 632 761 697 Lucrina
783 630 895 698 Venus
917 631 1127 719 Phrygioque
1151 656 1168 699 e
1191 633 1312 700 uertice
1335 632 1447 700 Graias

567 739 723 820 addiscas,
746 738 883 824 Miseno,
907 739 1003 804 tubas
1026 739 1174 826 ridetque
1198 741 1340 828 benigna

567 846 772 932 Parthenope
795 846 918 934 gentile
941 869 1067 913 sacrum
1089 849 1258 933 nudosque
1282 849 1425 914 uirorum

567 959 709 1020 certatus
732 959 765 1020 et
788 976 890 1039 parua
912 975 988 1020 suae
1011 954 1182 1020 simulacra
1205 977 1348 1022 coronae.

567 1061 646 1147 quin
668 1083 728 1149 age
752 1065 786 1126 et
808 1060 878 1146 ipse
902 1061 1009 1127 libens
1032 1062 1157 1147 proprii
1181 1063 1366 1129 certaminis
1388 1067 1478 1130 aetus

566 1169 689 1235 inuicta
712 1167 845 1256 dignare
868 1191 979 1250 manu,
1002 1191 1059 1234 seu
1082 1169 1195 1236 nubila
1218 1169 1306 1236 disco

565 1277 688 1342 findere
712 1297 767 1342 seu
790 1275 938 1341 uolucres
960 1275 1128 1362 Zephyros
1151 1278 1342 1362 praeoedere
1366 1278 1432 1345 telo

566 1406 624 1449 seu
647 1383 710 1449 tibi
733 1382 825 1448 dulce
848 1405 945 1448 manu
968 1382 1108 1468 Libycas
1131 1385 1251 1451 nodare
1274 1385 1464 1471 palaestras,

568 1491 701 1578 indulge
724 1490 823 1556 sacris
846 1495 895 1574 et,
918 1491 945 1556 si
968 1491 1031 1556 tibi
1055 1514 1153 1576 poma
1175 1497 1351 1577 supersunt

567 1598 798 1684 Hesperidum,
820 1596 944 1684 gremio
969 1597 1164 1663 uenerabilis
1187 1598 1299 1686 ingere
1321 1599 1445 1686 Pollae,

566 1727 642 1771 nam
665 1704 753 1789 capit
776 1709 810 1770 et
832 1709 960 1770 tantum
983 1726 1048 1770 non
1072 1705 1281 1792 degenerabit
1304 1705 1468 1772 honorem.

567 1814 653 1900 quod
676 1813 703 1879 si
727 1812 819 1878 dulce
843 1812 939 1878 decus
963 1812 1145 1898 uiridesque
1168 1817 1345 1880 resumeret
1367 1835 1482 1899 ennea,

567 1922 607 1986 da
630 1920 770 2005 ueniam,
792 1919 918 2003 Alcide,
940 1919 1008 1986 fors
1030 1921 1106 1986 huic
1129 1924 1162 1986 et
1185 1942 1285 2004 pensa
1307 1921 1446 1988 tulisses.

655 2029 734 2093 haec
757 2049 818 2114 ego
845 2033 1013 2093 nascentes
1035 2027 1141 2093 laetus
1164 2027 1340 2094 bacchatus
1362 2029 1402 2094 ad
1426 2051 1497 2095 aras

566 2136 744 2201 libamenta
766 2134 836 2199 tuli.
881 2156 968 2200 nunc
991 2133 1061 2218 ipse
1088 2173 1126 2182 —
1151 2135 1186 2200 in
1208 2135 1319 2200 limine
1343 2158 1438 2202 cerno

566 2243 746 2310 soluentem
770 2245 922 2307 uocaset
945 2241 1023 2307 talia
1046 2241 1132 2307 dicta
1154 2242 1325 2310 ferentem:

566 2351 681 2416 ‘macte
705 2349 821 2414 animis
844 2349 1027 2434 opibusque
1050 2371 1139 2415 meos
1161 2349 1286 2415 imitate
1309 2349 1451 2438 labores,

566 2458 622 2544 qui
645 2457 767 2544 rigidas
790 2479 888 2541 rupes
911 2455 1164 2542 infecundaeque
1188 2457 1338 2542 pudenda

563 2570 697 2631 naturae
721 2564 848 2629 deserta
871 2563 982 2628 domas
1005 2568 1038 2628 et
1061 2563 1163 2629 uertis
1186 2564 1220 2628 in
1243 2587 1337 2630 usum

564 2673 668 2738 lustra
689 2671 838 2737 habitata
861 2669 938 2736 feris
961 2671 1117 2757 foedeque
1139 2671 1275 2736 latentia
1298 2673 1424 2756 profers

564 2779 704 2845 numina
737 2800 818 2863 quae
837 2777 900 2843 tibi
919 2800 1004 2844 nunc
1023 2779 1213 2844 meritorum
1230 2779 1373 2864 praemia
1392 2780 1538 2846 soluam?

565 2909 645 2972 quas
667 2885 804 2952 referam
826 2885 957 2972 gretes?
997 2885 1170 2953 Parcarum
1193 2886 1248 2952 fila
1271 2887 1390 2954 tenebo

565 2994 799 3079 extendamque
822 2991 912 3059 colus
935 2991 1061 3081 (duram
1086 2993 1152 3059 scio
1175 2993 1303 3060 uincere
1326 2993 1493 3082 Mortem);
1587 3023 1591 3030 ·

440 3157 444 3164 .
564 3106 710 3168 auertam
732 3101 840 3168 luctus
863 3105 896 3166 et
919 3099 1027 3167 tristia
1050 3100 1165 3166 damna
1188 3101 1307 3166 uetabo

564 3214 661 3294 teque
683 3208 766 3274 nihil
789 3208 911 3274 laesum
935 3207 1030 3273 uiridi
1054 3209 1217 3274 renouabo
1240 3213 1369 3275 senecta

564 3317 799 3401 concedamque
821 3315 877 3380 diu
900 3315 1033 3380 iuuenes
1056 3319 1202 3400 spectare
1224 3320 1374 3402 nepotes,

564 3425 665 3489 donec
688 3421 796 3488 ethic
820 3443 957 3507 sponsae
980 3427 1126 3487 maturus
1149 3425 1183 3486 et
1205 3421 1262 3487 illa
1284 3421 1414 3508 marito,

564 3553 675 3597 rursus
698 3534 731 3596 et
754 3551 794 3594 ex
817 3528 884 3594 illis
906 3529 1037 3594 suboles
1059 3550 1145 3596 noua
1167 3549 1311 3617 grexque
1333 3535 1507 3615 proteruus

563 3661 649 3706 nuno
670 3637 815 3704 humeris
838 3636 982 3721 inreptet
1004 3635 1057 3700 aui
1080 3657 1166 3701 nunc
1189 3636 1317 3724 agmine
1341 3637 1461 3704 blando

564 3745 712 3812 certatim
736 3742 880 3830 placidae
903 3747 1073 3809 concurrat
1095 3743 1135 3808 ad
1159 3743 1268 3810 oscula
1289 3743 1408 3810 Pollae.

563 3877 638 3920 nam
661 3851 793 3938 templis
816 3871 994 3936 numquam
1017 3854 1180 3916 statuetur
1202 3851 1360 3918 terminus
1383 3852 1469 3940 aeui,

563 3961 639 4026 dum
662 3981 713 4025 me
732 3957 924 4045 flammigeri
947 3957 1095 4042 portabit
1116 3957 1266 4024 machina
1288 3957 1381 4040 caeli,

561 4089 621 4134 nec
640 4067 719 4133 mihi
738 4066 813 4151 plus
830 4065 952 4131 Nemee
971 4065 1176 4151 priscumque
1194 4063 1399 4131 habitabitur
1417 4064 1524 4153 Argos

440 4284 489 4334 151
519 4278 653 4336 adsciscis
682 4279 868 4334 Marklandus
895 4311 928 4318 —
963 4283 1014 4333 155
1043 4277 1130 4348 digna
1157 4294 1243 4332 manu
1265 4277 1306 4331 1¹
1343 4276 1462 4350 dignata
1488 4295 1575 4334 mauu
1597 4284 1621 4332 B
1649 4311 1681 4320 -

352 4373 402 4424 157
421 4367 546 4439 liquidas
564 4368 669 4424 nodare
687 4368 874 4424 Marklandas
899 4367 1008 4422 nudare
1026 4385 1043 4420 a
1067 4399 1099 4408 -
1126 4371 1176 4422 162
1195 4367 1253 4422 lora
1271 4365 1330 4432 hic;
1354 4385 1423 4424 corr.
1444 4374 1462 4423 ς
1481 4399 1514 4410 -
1539 4373 1590 4422 154
1608 4385 1683 4424 nuno

350 4458 443 4528 ipsum
462 4476 476 4511 a
495 4489 528 4500 -
549 4464 600 4514 155
620 4457 698 4512 dicta
716 4459 855 4512 serentem
873 4455 1008 4514 Heinsius
1026 4488 1060 4498 -
1082 4461 1132 4512 182
1152 4473 1249 4528 argus;
1273 4473 1341 4514 cerr.
1356 4461 1408 4511 AB
1426 4489 1458 4498 -

440 4676 491 4727 155
520 4669 587 4726 Silo.
603 4671 626 4724 V
643 4675 667 4726 3.
683 4675 717 4726 55
745 4687 801 4726 non
824 4671 943 4726 finderet
966 4687 1032 4726 aera
1055 4669 1132 4725 disco
1170 4671 1237 4726 Aah.
1257 4671 1349 4726 11154
1376 4670 1406 4726 in
1433 4671 1534 4728 nubila
1561 4672 1680 4728 condere

350 4762 442 4818 discos
465 4795 500 4803 —
530 4767 580 4816 155
599 4759 682 4832 Verg.
697 4761 729 4816 A.
745 4761 795 4814 XII
810 4765 863 4815 345
886 4777 958 4829 equo
976 4763 1153 4831 praeuertere
1173 4764 1272 4816 uentos
1297 4793 1329 4802 —
1360 4766 1410 4815 155
1429 4761 1495 4817 Hor.
1511 4761 1538 4817 0.
1554 4761 1592 4816 1v
1606 4767 1632 4816 4.
1647 4767 1682 4816 59

351 4851 387 4906 ab
411 4851 472 4922 ipso
495 4850 575 4906 ducit
593 4867 659 4920 opes
679 4849 858 4920 animumque
882 4851 954 4906 ferro
979 4883 1012 4890 -
1042 4855 1090 4904 171
1111 4850 1194 4920 Verg.
1209 4852 1240 4906 A.
1257 4850 1295 4904 XI
1310 4856 1362 4906 508
1386 4867 1456 4920 quas
1476 4849 1568 4905 dicore
1586 4851 1682 4920 grates

350 4957 458 5012 quasue
475 4940 578 4996 referre
596 4955 692 5011 parem
710 4943 745 5010 cs.
766 4939 834 4996 Silo.
849 4939 887 4994 lV
903 4947 926 4994 a.
944 4945 1010 5008 tsq.
1025 4973 1059 4982 —
