3814 5552
782 430 968 486 suvunvu
986 431 1011 486 II
1031 437 1045 484 7

551 595 726 658 noeturnae
748 593 804 659 alii
827 593 994 682 Phrygum
1017 594 1127 660 ruinas

550 703 584 765 et
606 699 690 766 tardi
713 701 839 768 reducis
861 701 932 767 uias
949 700 1057 768 Vlixis

550 811 584 872 et
605 829 747 893 puppem
769 809 974 876 temerariam
996 809 1161 876 Mineruae

550 914 630 981 trita
652 915 784 982 uatibus
807 917 915 990 orbita
936 921 1126 1003 sequantur:

551 1026 588 1088 tu
611 1044 704 1090 carus
726 1024 819 1092 Letio
842 1046 1031 1110 memorque
1056 1025 1164 1112 gentis

551 1151 679 1197 carmen
701 1131 818 1198 fortior
839 1131 945 1198 exeris
967 1136 1126 1220 togatum

551 1259 589 1303 ac
610 1237 751 1323 primum
773 1239 894 1305 teneris
917 1239 1021 1305 edhuc
1045 1238 1079 1306 in
1102 1239 1195 1305 annis

550 1343 641 1412 ludes
664 1345 806 1412 Hectora
828 1345 1062 1432 Thessalosque
1085 1368 1198 1414 currus

552 1457 584 1518 et
607 1453 743 1540 supplex
766 1453 886 1518 Priami
908 1453 1053 1541 potentis
1074 1476 1188 1521 eurum

551 1565 584 1626 et
608 1560 699 1626 sedes
721 1560 880 1628 reserabis
903 1561 1095 1646 inferorum,

551 1666 698 1754 ingratus
719 1667 808 1735 Nero
832 1667 980 1734 dulcibus
1002 1669 1140 1735 theatris

550 1779 584 1840 et
605 1779 717 1842 noster
738 1775 802 1841 tibi
825 1775 1008 1862 proferetur
1030 1774 1191 1862 Orpheus,

552 1882 638 1948 dices
660 1882 856 1948 culminibus
878 1883 973 1950 Remi
995 1883 1146 1972 ungentis

550 1989 699 2056 infandos
722 1989 844 2056 domini
866 1990 1013 2058 nocentis
1036 1990 1137 2079 ignes.

550 2096 626 2164 hinc
648 2102 755 2164 castae
777 2097 910 2164 titulum
934 2099 1094 2183 decusque
1117 2097 1227 2164 Pollue

551 2203 690 2270 iucunda
712 2205 805 2272 debis
828 2205 1032 2272 allocutione.

550 2334 626 2378 mox
650 2317 764 2399 coeptu
786 2313 974 2400 generosior
996 2313 1129 2404 iuuenta

444 2513 447 2518 Ι
550 2419 640 2486 albos
664 2419 790 2486 ossibus
812 2419 905 2486 Italis
927 2419 1096 2506 Philippos
1208 2495 1210 2498 ¹

550 2532 583 2593 et
605 2527 790 2594 Pharsalica
813 2527 900 2593 bellu
922 2527 1104 2594 detonabis:

551 2656 615 2720 quo
638 2635 761 2700 fulmen
784 2634 874 2700 ducis
896 2634 983 2700 inter
1004 2657 1094 2718 urina
1117 2633 1194 2720 diui,

550 2741 702 2810 libertate
725 2763 857 2830 grauem
880 2741 935 2828 pis
957 2739 1113 2808 Catonem

550 2855 582 2915 et
604 2855 734 2939 gratum
755 2850 973 2936 popularitate
995 2849 1164 2936 Magnum3

550 2963 586 3023 tu
608 2957 767 3024 Pelusiaci
791 2957 895 3022 scelus
918 2955 1039 3043 Canopi

550 3065 681 3132 deflebis
704 3065 777 3150 pius
800 3069 833 3131 et
856 3063 961 3130 Pharo
985 3067 1118 3130 cruenta

549 3171 703 3259 Pompeio
727 3171 820 3238 dabis
842 3171 940 3237 altius
962 3171 1152 3258 sepulcrum.

549 3281 628 3346 hacc
649 3279 755 3366 pn'mo
778 3279 904 3344 iuuenis
927 3301 1021 3344 onnes
1044 3278 1106 3344 sub
1129 3299 1219 3360 eeuo,

548 3392 623 3452 ante
646 3407 747 3452 annos
770 3385 882 3452 culicis
904 3385 1094 3452 Maroniani.

549 3495 640 3561 cedet
662 3493 755 3560 Musa
777 3493 866 3560 rudis
890 3492 1007 3559 ferocis
1029 3491 1116 3558 Enni

548 3607 583 3667 et
605 3601 691 3668 docti
714 3602 805 3667 furor
826 3601 946 3666 arduus
969 3599 1098 3666 Lucreti

548 3714 581 3774 et
605 3709 661 3795 qui
684 3731 741 3794 per
762 3709 847 3773 fretu
870 3707 963 3772 duxit
985 3707 1192 3796 Argonautas

548 3821 581 3882 et
604 3816 660 3902 qui
683 3837 817 3902 corpore
839 3816 944 3901 prima
966 3815 1184 3901 transfigurat

334 4055 369 4104 49
387 4047 464 4104 tardi
482 4046 594 4102 reducis
612 4046 740 4118 (reducas
754 4062 822 4102 corr.
833 4048 864 4102 iu
875 4044 981 4116 ·cis1.);
1009 4045 1090 4100 tarde
1104 4043 1215 4100 reducis
1228 4045 1364 4101 Bantius
1378 4075 1411 4086 -
1431 4051 1466 4100 53
1480 4061 1577 4101 exores

247 4139 435 4194 Morlluudus
453 4169 487 4178 —
507 4143 541 4191 55
560 4135 640 4191 ludes
655 4141 697 4190 Ie
715 4135 813 4191 leudes
827 4135 989 4206 wuston
1006 4132 1106 4189 laudas
1125 4133 1192 4187 ³1¹
1220 4166 1254 4175 -
1274 4139 1309 4188 60
1327 4133 1493 4190 fulminibus
1512 4135 1576 4208 (ful-

245 4245 279 4283 ex
292 4227 343 4282 llu-
361 4245 429 4284 corr.
439 4229 482 4298 1.);
501 4243 570 4283 corr.
583 4233 642 4282 §ac
657 4258 690 4266 -
706 4230 740 4280 62
754 4225 821 4292 buc3
840 4231 938 4280 corte
957 4241 1031 4278 nunc
1042 4223 1185 4280 Krobm'us
1202 4255 1233 4264 -
1250 4229 1284 4278 t'I
1300 4225 1375 4293 quod
1389 4224 1578 4280 Marklandue

244 4319 610 4388 —ttetgrsuumh—

255 4457 456 4466 ——-—

333 4556 368 4605 59
388 4548 482 4604 Sidon.
502 4549 552 4620 Ep.
568 4548 632 4603 VIII
647 4554 678 4603 11
699 4567 724 4604 v.
741 4553 775 4602 18
797 4563 889 4603 meum
909 4545 1050 4617 Orpheum
1070 4547 1166 4614 (uerba
1184 4545 1337 4616 ApoIIs'm's)
1364 4577 1401 4586 -
1427 4551 1461 4600 69
1481 4545 1575 4602 Sidon.

245 4639 335 4711 Ilpll
354 4645 411 4693 uu
434 4637 482 4694 Gn.
508 4637 671 4709 Pompeium
694 4654 778 4709 super
799 4636 926 4709 semulos
948 4633 1051 4690 extulit
1073 4651 1217 4704 uunquam
1244 4633 1376 4689 fastidita
1400 4633 1576 4704 popularitas

244 4727 273 4784 Ο.
288 4727 326 4782 IX
341 4733 393 4783 800
411 4732 441 4782 et
459 4743 541 4783 canis
559 4725 751 4799 popularibute
769 4725 898 4798 princeps
918 4757 951 4766 -
974 4729 1007 4778 70
1024 4724 1128 4780 Lucan.
1144 4723 1209 4778 VIII
1223 4729 1275 4778 543
1293 4722 1434 4778 Pelusiaci
1453 4766 1460 4779 .
1476 4765 1504 4779 ..
1524 4721 1576 4779 Ce-

244 4817 311 4890 nopi
347 4817 441 4873 Sidon.
461 4816 490 4872 0.
505 4817 544 4871 IX
558 4823 611 4872 2⁷4
638 4849 671 4859 -
701 4822 735 4871 'lb
755 4816 804 4872 Ou.
820 4813 1011 4872 lustum
1029 4813 1135 4868 Ennim
1225 4815 1287 4868 urie
1304 4813 1383 4869 rudis
1407 4845 1442 4853 —
1470 4813 1575 4870 76011.

244 4909 305 4964 Am.
324 4907 394 4964 Ilo.
409 4912 444 4961 28
463 4905 588 4962 cernulus
607 4905 735 4963 sublimia
756 4951 805 4962 ...
824 4905 936 4962 Lucreti
955 4935 989 4946 -

298 5007 424 5060 Vounm,
437 5007 619 5050 sullus’allvae.
1043 5049 1044 5056 ,
1346 4999 1362 5048 8
