3820 5558
750 447 936 504 SILVARVM
955 449 1006 502 Vt

424 611 541 677 infami
565 633 638 678 eum
661 611 755 678 laude
778 613 839 678 laci
863 651 906 660 -
930 611 986 677 sed
1009 609 1149 677 carmine
1172 611 1293 698 plango

422 719 543 804 Pieri03
565 741 656 786 sume
678 726 706 784 ct
728 719 870 806 gemitus
894 723 927 784 et
949 719 1085 785 uulnera
1106 717 1175 784 nati

425 832 458 892 et
479 825 641 914 lacrimas,
664 827 727 892 rari
752 847 832 912 quas
854 848 1007 912 umquam
1026 825 1169 892 habuere
1188 831 1347 911 parentes.

422 939 520 1020 atque
543 934 668 1000 utinam
691 934 822 1002 fortuna
844 935 940 1020 mihi,
963 933 1037 1000 dare
1060 933 1212 1000 manibus
1234 955 1320 1019 aras,

423 1065 483 1127 par
505 1041 638 1128 templis
661 1064 759 1131 opus,
782 1042 966 1128 aeriamque
990 1041 1124 1107 educere
1147 1041 1265 1106 molem

425 1147 601 1234 Cyclopum
624 1150 776 1235 scopulos
799 1149 885 1216 ultra
908 1153 1005 1235 atque
1028 1149 1160 1214 audacia
1182 1170 1260 1214 saxa

422 1255 629 1341 Pyramidum
649 1262 682 1323 et
699 1279 818 1346 magno
837 1258 999 1323 tumulum
1017 1261 1205 1342 praetexere
1223 1255 1308 1322 luco!

422 1364 489 1430 illic
513 1368 546 1429 et
568 1363 668 1430 Siculi
692 1387 894 1451 superassem
918 1364 1002 1430 dona
1024 1363 1164 1450 sepulcri

423 1475 456 1536 et
477 1471 617 1538 Nemees
640 1471 748 1538 lucum
772 1477 805 1538 ct
827 1471 959 1557 Pelopis
982 1470 1151 1538 sollemnia
1173 1470 1292 1556 trunci3

423 1579 490 1644 illic
508 1577 650 1654 ,Oebalio
671 1602 738 1645 non
760 1578 897 1645 finderet
919 1601 995 1644 aera
1016 1579 1104 1646 disco

423 1685 592 1752 Graiorum
615 1686 665 1754 nis
687 1687 774 1753 nuda
796 1686 916 1774 uirum,
938 1708 1005 1772 non
1027 1707 1105 1752 arna
1127 1685 1249 1774 rigaret

423 1793 521 1860 sudor
538 1814 655 1879 equum
675 1798 731 1860 aut
749 1795 839 1880 putri
858 1794 1000 1860 sonitum
1020 1793 1111 1859 daret
1128 1793 1251 1880 ungula
1269 1793 1369 1879 fossa,

422 1901 479 1966 sed
501 1900 626 1967 Phoebi
650 1901 787 1988 simplex
811 1901 927 1968 chorus
951 1905 984 1966 et
1006 1900 1190 1968 frondentia
1212 1905 1324 1966 uatum

421 2009 563 2093 praemia
585 2008 730 2095 laudato,
752 2009 894 2097 genitor,
917 2009 980 2074 tibi
1003 2007 1064 2074 rite
1087 2008 1231 2095 ligarem.

422 2115 492 2200 ipse
510 2115 643 2182 madens
661 2115 777 2203 oculis,
795 2117 983 2182 umbrarum
1002 2115 1191 2201 animaeque
1210 2115 1369 2204 sacerdos,

421 2223 639 2308 praecinerem
662 2225 834 2311 gemitum,
857 2223 908 2289 cni
933 2228 966 2288 te
984 2245 1043 2290 nee
1061 2221 1221 2288 Cerberus
1239 2223 1327 2288 omni

421 2353 476 2396 ore
498 2353 558 2396 nec
581 2329 727 2417 Orpheae
751 2332 881 2418 quirent
904 2335 1049 2396 auertere
1071 2331 1175 2418 leges,

421 2443 519 2524 atque
542 2437 605 2504 tibi
629 2461 798 2524 moresque
821 2443 895 2506 tuos
918 2443 952 2504 et
974 2438 1060 2504 facta
1082 2442 1249 2504 canentem

421 2544 488 2610 fors
511 2549 544 2610 et
566 2545 776 2633 magniloquo
798 2568 865 2612 non
888 2529 1311 2630 posthabuissetHomero,

420 2651 566 2717 tenderet
588 2657 623 2718 et
644 2657 739 2718 toruo
763 2654 868 2738 pietas
891 2673 1028 2738 aequare
1051 2652 1186 2718 Maroni,
1209 2689 1254 2700 —

419 2781 476 2824 cur
498 2759 602 2847 magis
626 2760 763 2827 incessat
787 2782 919 2846 superos
942 2764 975 2825 et
998 2781 1079 2826 aena
1101 2781 1248 2825 sororum

419 2865 566 2950 stamina,
585 2887 666 2952 quac
686 2867 797 2953 tepido
815 2867 964 2954 genetrix
984 2889 1082 2952 super
1100 2889 1218 2954 aggere
1236 2868 1304 2933 nati

423 2974 503 3038 orba
526 2973 617 3040 sedet
640 2974 692 3039 uel
717 2995 800 3059 qnae
823 2973 981 3060 primaeui
1004 2973 1152 3061 coniugis
1175 2975 1283 3061 ignem

420 3081 537 3166 aspicit
560 3082 793 3167 obstantesque
816 3105 930 3147 manus
953 3081 1147 3166 turbamque
1172 3086 1336 3146 tenentem

419 3187 521 3254 uincit
544 3189 577 3254 in
600 3188 778 3276 ardentem,
800 3189 910 3274 liceat,
932 3188 1089 3254 moritura
1111 3188 1286 3254 maritum?

419 3295 535 3382 maior,
558 3297 606 3361 ais
629 3296 752 3385 forsan,
775 3319 909 3382 superos
932 3301 964 3362 et
987 3296 1121 3362 Tartara
1143 3295 1270 3381 pulsem

421 3402 555 3490 inuidia,
578 3404 721 3470 externis
744 3405 841 3471 etiam
864 3403 1048 3470 miserabile
1072 3403 1144 3469 uisu

307 3567 419 3574 -——--

1508 3421 1541 3469 70

295 3673 330 3722 44
353 3666 408 3723 loci
432 3669 482 3724 sed
501 3669 564 3723 u¹n
591 3701 625 3711 -
653 3669 699 3724 hio
723 3711 730 3725 .
751 3713 757 3725 .
777 3713 782 3726 .
806 3669 912 3725 inserui
938 3687 1000 3724 cum
1028 3669 1113 3724 lande
1136 3668 1225 3724 locic
1252 3668 1307 3740 (his
1332 3713 1337 3724 .
1359 3715 1364 3726 .
1385 3713 1390 3724 .
1415 3669 1484 3723 locis
1512 3672 1542 3722 et

207 3755 385 3828 Bernartius)
417 3756 525 3814 inferiis
544 3776 608 3814 cum
626 3759 711 3814 laude
730 3759 805 3814 datis
820 3759 964 3814 Krobnias
978 3791 1011 3799 -
1031 3765 1066 3813 45
1085 3774 1163 3813 some
1177 3758 1312 3829 gemItns3
1330 3775 1398 3813 corr.
1413 3777 1431 3812 a
1463 3775 1541 3812 sume

206 3843 257 3900 hos
268 3845 497 3904 Mcrlluadus-
505 3853 540 3903 46
550 3865 635 3918 qnam
645 3851 740 3918 (qnam
751 3849 860 3905 etium
873 3867 907 3904 cx
916 3851 1040 3920 antiquo)
1051 3865 1187 3918 unquam3
1206 3865 1277 3917 quas
1287 3865 1431 3917 nunquam
1442 3847 1540 3902 ⁰¹⁸-

208 3939 239 3988 51
260 3951 420 4006 superarem
433 3938 620 3994 Baehreusius
634 3971 668 3979 -
687 3945 721 3992 54
740 3938 784 3992 nie
798 3939 886 3992 ndat
913 3937 973 3993 ulla
987 3957 1001 3992 c
1015 3971 1049 3979 -
1069 3943 1102 3992 51
1117 3937 1170 3992 rite
1186 3936 1309 3992 dicarem
1324 3956 1338 3991 a
1353 3971 1387 3978 -
1407 3942 1439 3991 61
1455 3939 1541 4007 atque

207 4022 247 4077 ibi
266 4040 310 4080 me
328 4025 465 4082 Benace
492 4059 526 4068 -
554 4033 588 4082 69
608 4028 698 4082 maior
715 4027 780 4082 aliis
798 4027 894 4084 forsan
917 4027 981 4098 (alis
999 4031 1068 4098 Ba),
1092 4043 1159 4084 corr.
1184 4027 1301 4084 Vollmer
1332 4025 1422 4082 maior
1440 4025 1477 4080 ab
1497 4027 1540 4080 his

208 4115 382 4186 ...pulset
399 4115 522 4173 inuidia:
555 4117 733 4187 externisque
752 4162 757 4172 .
779 4161 785 4173 .
805 4162 811 4173 .
831 4121 879 4172 eat
896 4118 1078 4174 Sctrourtza'as
1108 4116 1199 4172 maior
1216 4115 1273 4172 sors
1293 4115 1358 4171 aliis
1378 4161 1383 4172 .
1400 4163 1406 4173 .
1422 4161 1428 4172 .
1447 4115 1542 4187 pulset

207 4201 317 4258 inuidia
337 4205 368 4260 0.
384 4205 504 4263 Mueller
535 4207 625 4262 maior
643 4207 736 4262 athis
755 4207 940 4264 Buetrecsiua
972 4207 1062 4262 maior
1081 4206 1142 4261 anis
1162 4205 1311 4263 Boccor
1329 4237 1363 4248 -

211 4361 419 4370 --.—.-.—.-

293 4479 329 4527 45
357 4472 419 4528 Seu.
439 4473 540 4531 Troad.
559 4479 612 4530 806
635 4493 713 4530 sume
736 4491 809 4530 nunc
832 4473 935 4530 itanum
959 4491 1053 4530 comas
1076 4477 1106 4529 et
1129 4491 1206 4530 sume
1227 4474 1359 4531 lacrimas
1378 4491 1435 4545 eqs.
1455 4473 1540 4530 Anth.

207 4560 293 4632 epigr.
314 4567 422 4618 16661
446 4581 524 4619 sume
543 4563 632 4636 igitur
647 4565 780 4620 lacrimas
799 4597 834 4606 —
852 4569 887 4618 56
906 4564 973 4618 Ach.
989 4563 1014 4618 11
1031 4569 1082 4618 154
1103 4563 1235 4620 Oebalios
1254 4565 1284 4619 in
1302 4563 1402 4619 nubila
1420 4563 1540 4619 condere

209 4649 298 4706 discos
318 4651 386 4708 Silu.
402 4652 441 4706 III
456 4659 480 4708 1.
492 4658 543 4707 155
562 4655 660 4708 nubila
674 4654 752 4710 disco
766 4655 885 4710 finderet
898 4685 932 4694 -
947 4659 982 4706 55
996 4653 1066 4708 llnn.
1081 4653 1113 4710 fr.
1131 4659 1189 4710 164,
1201 4659 1253 4708 660
1271 4653 1354 4725 Verg.
1370 4653 1402 4709 A.
1412 4653 1477 4708 VIII
1488 4659 1540 4707 596

208 4743 316 4809 putrem
340 4741 434 4796 sonitu
457 4743 551 4811 quatit
573 4744 680 4814 ungula
701 4761 831 4816 eampum
849 4743 953 4798 111875
972 4743 1158 4798 Maarnraavs
1177 4745 1291 4800 ((61.1.
1310 4775 1345 4784 -
1363 4749 1446 4812 59sq.
1471 4742 1539 4800 Silu.

208 4827 232 4880 V
247 4835 270 4886 2.
281 4837 315 4886 65
334 4834 461 4886 auertere
480 4831 618 4887 Cerberon
636 4835 800 4889 umbrae-
820 4839 852 4887 61
874 4851 899 4887 u.
917 4838 967 4886 147
986 4849 1077 4886 mores
1096 4834 1125 4886 et
1138 4831 1216 4886 sacta
1229 4832 1353 4903 prlorum
1367 4862 1401 4872 -
1417 4839 1451 4886 65
1470 4832 1538 4887 Siln.

207 4917 329 4975 111610
347 4919 509 4992 primaeuae
581 4923 708 4993 coniugia
722 4927 774 4978 aut
785 4922 847 4978 nati
861 4955 896 4964 ·-
911 4927 943 4976 67
961 4923 995 4990 cs.
1011 4923 1049 4978 (((1
1063 4921 1088 4975 II
1104 4927 1173 4977 115
1187 4953 1221 4962 -
1236 4927 1270 4975 69
1284 4924 1319 4990 cs.
1334 4923 1371 4977 ud
1385 4921 1410 4976 V
1422 4927 1445 4975 1.
1456 4927 1488 4975 11
1506 4953 1538 4964 -
