3814 5552
775 456 960 512 slavanvn
978 457 1018 512 111
1038 463 1051 512 1

906 1283 921 1347 1

521 1399 714 1498 Intermissa
736 1425 800 1492 tibi
822 1430 971 1510 renouat,
994 1425 1178 1513 Tirynthie,
1201 1447 1291 1492 sacra

458 1533 582 1600 Pollius
607 1537 640 1600 et
663 1556 774 1599 causas
797 1533 947 1621 designat
969 1533 1089 1599 desidis
1112 1533 1202 1618 anni,

458 1641 545 1727 quod
568 1641 683 1707 coleris
707 1641 827 1708 maiore
851 1640 942 1707 tholo
965 1663 1025 1708 nec
1047 1640 1144 1707 litora
1167 1663 1292 1726 pauper

456 1749 541 1815 nuda
565 1754 657 1814 tenes
680 1754 869 1834 tectumque
892 1749 984 1836 uagis
1008 1747 1189 1814 habitabile
1212 1747 1335 1832 nautis,

458 1857 514 1922 sed
536 1856 658 1922 nitidos
680 1861 792 1941 postes
815 1855 972 1941 Graisque
995 1855 1106 1920 effulta
1130 1853 1270 1921 metallis

457 1963 610 2049 culmina,
633 1986 691 2030 ceu
715 1962 817 2028 taedis
840 1964 958 2029 iterum
980 1963 1138 2028 lustratus
1161 1963 1299 2028 honesti·

457 2071 543 2158 ignis
566 2067 608 2136 ab
633 2069 753 2136 Oetaea
776 2069 998 2136 conscenderis
1022 2071 1152 2136 aethera
1175 2069 1311 2136 flamma.

456 2178 513 2243 uix
537 2179 639 2244 oculis
661 2179 833 2264 animoque
856 2178 944 2244 fides.
990 2182 1067 2243 tune
1091 2175 1146 2242 ille
1170 2176 1285 2242 reclusi

455 2285 578 2350 liminis
601 2291 635 2350 et
657 2307 777 2370 paruae
801 2289 909 2352 custos
931 2284 1090 2372 inglorius
1113 2285 1209 2350 arae?

456 2393 540 2458 unde
559 2393 637 2458 haec
656 2393 730 2458 aula
748 2415 858 2458 recens
880 2391 1053 2480 fulgorque
1071 2392 1223 2478 inopinus
1241 2393 1362 2480 agresti

456 2499 612 2566 Alcidae?
648 2505 724 2565 sunt
747 2501 814 2565 fata
837 2501 946 2586 deum,
969 2503 1046 2565 sunt
1068 2500 1136 2564 fata
1158 2498 1316 2566 locorum!

456 2630 476 2674 o
500 2606 595 2673 uelox
619 2607 740 2693 pietas!
777 2608 903 2673 steriles
925 2607 979 2672 hic
1001 2629 1106 2692 nuper
1128 2607 1278 2693 harenas,

456 2716 647 2801 adsparsum
670 2713 788 2802 pelago
812 2715 932 2780 montis
954 2714 1040 2780 latus
1064 2715 1213 2800 hirtaque
1238 2715 1343 2782 dumis

457 2845 535 2889 saxa
556 2845 616 2888 nec
640 2822 706 2888 ulla
728 2823 798 2907 pati
822 2821 933 2888 faciles
956 2821 1095 2908 uestigia
1119 2825 1221 2888 terras

455 2952 584 2996 cernere
608 2933 685 2994 erat.
732 2953 889 3015 quaenam
912 2929 1022 2994 subito
1045 2927 1176 2994 fortuna
1199 2929 1343 3016 rigentes

455 3037 573 3102 ditauit
596 3035 770 3121 scopulos?
810 3035 951 3122 Tyrione
974 3036 1053 3101 haec
1075 3037 1203 3101 moenia
1225 3037 1350 3121 plectro

455 3168 497 3210 an
520 3144 632 3211 Getica
654 3166 772 3210 uenere
795 3143 890 3229 lyra?
931 3149 1044 3228 stupet
1066 3143 1136 3228 ipse
1159 3143 1288 3209 labores

456 3274 559 3318 annus
582 3255 616 3318 ct
638 3251 768 3338 angusti
792 3250 844 3316 bis
868 3274 945 3317 seno
967 3250 1072 3316 limite
1095 3272 1221 3317 menses

454 3360 651 3448 longaeuum
673 3359 832 3424 mirantur
855 3380 947 3443 opus.
993 3357 1071 3423 deus
1095 3357 1207 3424 attulit
1229 3381 1318 3424 arces

339 3504 344 3513 ·
455 3465 622 3551 erexitque
646 3489 720 3532 suas
742 3470 840 3551 atque
863 3463 1066 3531 obluctantia
1089 3487 1167 3530 saxa

455 3573 632 3640 summouit
654 3573 762 3638 nitens
785 3577 819 3637 et
841 3594 959 3660 magno
983 3575 1114 3658 pectore
1137 3578 1281 3639 montem

455 3680 614 3766 reppulit3
637 3680 795 3746 immitem
819 3680 928 3746 credas
951 3679 1082 3746 iussisse
1106 3702 1286 3748 nouercam.

536 3769 621 3875 'ergo
641 3810 715 3875 age,
733 3810 790 3854 seu
809 3787 933 3873 patrios
951 3786 1036 3853 liber
1053 3787 1118 3852 iam
1135 3786 1265 3874 legibus
1278 3787 1386 3878 Argos

454 3894 569 3961 incolis
592 3899 625 3960 et
647 3917 787 3960 mersum
811 3895 945 3960 tumulis
967 3894 1152 3980 Eurysthea
1175 3895 1290 3981 calcas,

454 4002 523 4070 siue
546 4001 596 4067 tui
619 4001 736 4068 solium
759 4001 847 4068 Iouis
870 4008 903 4066 et
925 4002 1047 4067 uirtute
1070 4006 1184 4087 parata
1541 4027 1574 4075 at

329 4196 525 4254 lHarcules
550 4195 772 4252 Surrentinus
794 4195 901 4251 Pollii
924 4195 1053 4252 Felicis
1078 4227 1109 4236 -
1139 4196 1302 4269 tluminie;
1324 4217 1423 4256 cerm
1445 4234 1480 4244 -
1505 4208 1574 4260 120

239 4287 308 4343 felix
326 4286 389 4340 ΒΡ
402 4319 436 4328 -
457 4293 489 4341 13
510 4301 654 4358 upersurn
672 4304 689 4339 a
716 4302 750 4342 ac
769 4301 897 4357 sparsum
915 4286 1101 4344 Buelireactus
1115 4319 1149 4328 —
1168 4291 1202 4342 18
1221 4291 1342 4358 angusto
1361 4289 1405 4346 bis
1424 4291 1484 4346 aeni
1503 4311 1520 4346 a
1538 4323 1572 4334 -

241 4382 274 4432 19
293 4376 362 4432 daus
381 4375 475 4431 adluit
492 4377 634 4434 noeane
651 4409 687 4417 -

328 4579 350 4628 1.
383 4583 392 4628 1
414 4573 480 4630 Hor.
496 4571 632 4630 c.1v1.1
649 4573 822 4642 intermisse,
837 4573 945 4637 Venus,
964 4573 1012 4628 diu
1022 4589 1117 4628 rursus
1127 4573 1308 4631 bellamouse
1318 4605 1352 4616 -
1371 4579 1388 4630 4
1407 4573 1468 4631 Tib.
1480 4575 1492 4630 1
1502 4582 1526 4630 ³.
1537 4583 1572 4632 89

239 4679 330 4734 uagus
351 4705 401 4720 ...
421 4662 521 4719 nauita
544 4665 590 4732 (cf.
610 4662 721 4733 Dima)
749 4663 961 4719 Silu.1111.aa
985 4662 1153 4734 fluctiuagos
1171 4666 1274 4719 nautas
1299 4697 1330 4706 -
1361 4669 1377 4719 t
1396 4665 1482 4721 Theb.
1498 4665 1572 4722 luc

239 4752 383 4810 montibus
392 4756 443 4808 ant
452 4751 510 4808 alte
520 4751 601 4808 Graia
616 4751 716 4808 effulta
729 4751 859 4808 nitebant
873 4751 947 4806 atria
957 4752 1036 4823 Prop.
1052 4753 1124 4806 1112.
1136 4758 1152 4807 9
1166 4759 1192 4810 ct
1203 4756 1263 4809 um.
1276 4785 1307 4794 -
1319 4759 1334 4808 8
1344 4756 1379 4822 cs.
1390 4753 1457 4810 Silu.
1468 4755 1528 4811 fla.
1537 4762 1571 4810 tt

241 4873 274 4882 ——
293 4847 327 4896 11
342 4841 394 4897 Ou
408 4843 476 4898 Met.
492 4841 528 4896 [V
543 4847 595 4896 666
620 4841 733 4898 fortuna
751 4841 876 4897 locorum
905 4841 980 4896 Fert.
994 4841 1033 4896 lv
1048 4847 1098 4896 tot
1122 4841 1180 4897 fors
1199 4859 1252 4897 sua
1269 4842 1371 4912 cuique
1390 4841 1451 4899 loco
1475 4848 1519 4899 ast
1536 4875 1570 4886 -

241 4937 329 5000 lteq.
348 4933 383 5000 cf.
403 4929 472 4986 Silu.
492 4931 555 4986 ns,
571 4936 660 5001 eosq.
679 4964 714 4972 -—
