3820 5558
755 458 940 515 suvauvu
957 458 1010 512 Va

430 647 496 690 non
520 623 654 710 uulgare
677 622 768 708 loqui
791 626 824 688 et
846 623 1118 706 famam'sperare
1141 619 1299 705 sepulcro.

432 731 536 816 qualis
555 752 638 818 eras,
656 729 769 795 Latios
786 730 937 814 quotiens
955 751 1016 816 ego
1035 727 1174 794 carmine
1192 731 1301 813 patres

431 839 605 904 mulcerem
628 837 771 923 felixque
794 837 842 902 tui
866 842 1030 923 spectator
1051 837 1178 903 adesses

431 945 586 1031 muneris,
608 944 673 1010 heu
697 944 784 1029 quali
808 944 960 1010 confusus
982 943 1101 1032 gaudia
1122 945 1202 1010 fletu

431 1059 509 1120 uota
532 1052 668 1139 piosque
692 1057 797 1118 metus
821 1051 907 1118 inter
928 1052 1114 1138 laetumque
1137 1051 1307 1136 pudorem!

432 1183 529 1246 quam
547 1167 623 1226 tuus
642 1159 697 1224 ille
717 1159 798 1244 dies,
821 1182 918 1244 quam
935 1181 1002 1226 non
1020 1159 1100 1225 mihi
1119 1157 1223 1246 gloria
1242 1156 1356 1222 maior!

431 1268 507 1334 talis
530 1266 721 1352 Olympiaca
743 1267 893 1332 iuuenem
916 1289 990 1334 oum
1013 1268 1140 1352 spectat
1161 1265 1281 1330 harene

434 1376 489 1461 qui
513 1375 640 1463 genuit,
663 1374 739 1460 plus
762 1373 832 1461 ipse
856 1374 945 1461 ferit,
967 1374 1043 1460 plus
1066 1373 1160 1440 corde
1184 1372 1246 1438 sub
1269 1370 1336 1436 alto

432 1483 588 1568 cauditum
612 1481 785 1549 attendunt
807 1482 913 1570 cunei,
936 1486 1103 1569 spectatur
1125 1480 1263 1548 Achaeis

434 1590 489 1655 ille
512 1590 630 1678 magis,
652 1591 766 1656 crebro
790 1589 867 1656 dum
888 1590 1011 1655 lumina
1034 1589 1180 1675 pulueris
1202 1588 1321 1653 haustu

433 1697 544 1762 obruit
567 1701 600 1762 et
622 1719 740 1782 prensa
763 1702 862 1763 uouet
885 1697 1033 1783 expirare
1056 1719 1182 1763 corona.

434 1804 463 1868 ei
483 1803 573 1891 mihi,
593 1804 679 1890 quod
697 1808 825 1870 tantum
843 1805 966 1891 patrias
986 1827 1047 1892 ego
1066 1804 1187 1870 uertice
1205 1801 1335 1868 frondes

435 1911 567 1997 solaque
592 1911 792 1978 Chalcidicae
816 1912 959 1978 Cerealia
981 1913 1065 1979 dona
1087 1933 1222 1979 coronae

435 2023 467 2084 te
491 2021 552 2085 sub
577 2024 660 2086 teste
684 2019 758 2085 tulil
796 2021 924 2105 qualem
947 2025 980 2086 te
1003 2019 1172 2086 Dardanus
1194 2016 1299 2084 Albae

436 2126 492 2192 uix
515 2127 654 2212 cepisset
677 2150 767 2214 ager,
790 2127 818 2193 si
842 2150 901 2213 per
924 2151 975 2193 me
998 2132 1085 2193 serta
1107 2127 1237 2193 tulisses

437 2232 590 2299 Caesarea
614 2234 732 2301 donata
754 2237 865 2300 manui
903 2235 989 2321 quod
1011 2235 1149 2301 subdere
1173 2234 1272 2299 robur

439 2340 496 2405 illa
518 2340 600 2428 dies,
623 2346 780 2426 quantum
803 2342 913 2427 potuit
935 2341 1113 2428 dempsisse
1136 2341 1295 2408 senectae!

436 2471 512 2512 nam
535 2447 621 2533 quod
644 2471 695 2514 me
718 2449 821 2515 mixta
844 2471 980 2534 quercus
1001 2471 1067 2515 non
1090 2449 1210 2534 pressit
1231 2447 1319 2513 oliua

438 2559 472 2619 et
494 2555 580 2642 fugit
603 2560 752 2640 speratus
774 2557 891 2623 honos:
927 2579 1024 2643 quam
1047 2556 1138 2622 dulce
1161 2555 1308 2642 parentis

438 2662 549 2728 inuida
572 2662 689 2748 Tarpei
713 2666 856 2750 caperes!
878 2701 923 2714 -
945 2669 978 2730 te
1001 2669 1113 2730 nostra
1136 2663 1292 2751 magistro

438 2769 580 2836 Thebais
603 2772 742 2858 urgebat
765 2771 944 2857 priscorum
967 2771 1099 2838 exordia
1120 2776 1245 2856 uatum3

441 2881 478 2942 tu
501 2881 614 2944 cantus
637 2877 804 2944 stimulare
827 2901 929 2965 meos,
952 2883 989 2945 tu
1012 2879 1152 2965 pandere
1176 2878 1260 2943 facta

440 2983 576 3050 heroum
600 2985 742 3071 bellique
765 2986 878 3052 modos
900 2985 1091 3072 positusque
1114 2986 1257 3052 locorum

439 3094 652 3158 monstrabas.
697 3093 789 3160 labat
811 3093 933 3160 incerto
957 3093 1037 3159 mihi
1060 3092 1163 3159 limite
1186 3115 1298 3158 cursus

442 3204 475 3264 te
499 3199 568 3266 sine
592 3207 625 3268 et
648 3201 780 3268 orbatae
803 3201 944 3289 caligant
967 3201 1040 3266 uela
1063 3201 1197 3267 carinae.
1216 3239 1255 3250 —-

444 3329 502 3373 nec
525 3307 630 3375 solum
652 3309 744 3397 larga
766 3313 885 3375 memet
908 3308 1030 3394 pietate
1054 3309 1197 3374 fouebas:

441 3415 516 3480 talis
539 3420 573 3480 et
595 3415 630 3481 in
652 3415 822 3482 thalamos.
868 3438 932 3482 nna
955 3415 1017 3482 tibi
1041 3414 1172 3502 cognita
1194 3415 1287 3481 taeda

446 3523 598 3610 conubia,
622 3543 705 3588 unus
727 3545 825 3589 amor.
871 3528 957 3589 certe
980 3523 1147 3610 seiungere
1171 3527 1306 3588 matrem

445 3629 510 3696 iam
533 3629 649 3717 gelidis
671 3653 799 3716 nequeo
823 3631 941 3718 bustis3
965 3635 997 3696 te
1020 3630 1120 3697 sentit
1142 3630 1319 3714 habetque,

443 3741 476 3802 te
499 3737 590 3804 uidet
611 3742 646 3803 et
667 3738 810 3804 tumulos
833 3743 971 3824 ortuque
995 3738 1151 3824 obituque
1175 3738 1308 3824 salutat,

446 3848 483 3910 ut
506 3844 643 3911 Pharios
666 3844 747 3912 aliae
770 3848 845 3912 ficta
867 3845 990 3930 pietate
1013 3845 1140 3912 dolores

443 3951 702 4040 Mygdoniosque
726 3946 837 4019 colunt
859 3958 893 4018 et
914 3975 981 4020 non
1003 3976 1061 4020 sua
1083 3953 1197 4019 funera
1219 3953 1357 4039 plorant.
1376 3990 1427 4044 -ι
1513 3971 1565 4020 aas

321 4143 374 4194 213
397 4141 478 4208 nota;
501 4155 569 4194 corr.
586 4144 604 4194 ς
624 4171 658 4179 -
678 4145 729 4194 219
748 4156 834 4209 quam
853 4140 916 4194 uml
930 4142 970 4196 sic
986 4141 1043 4207 scra
1060 4145 1088 4193 1
1106 4139 1199 4208 21Δῆ
1222 4155 1307 4207 quam
1326 4141 1391 4194 tuns
1409 4139 1567 4196 Politiurrus

232 4229 363 4297 quamuis
377 4227 485 4298 partim
502 4229 578 4284 codd.
598 4247 635 4282 ao
654 4259 687 4269 -
707 4235 759 4283 222
778 4231 923 4300 spectatur
940 4229 1069 4298 achatem
1087 4245 1155 4285 corr.
1170 4229 1301 4297 Imbutae
1319 4259 1353 4269 —
1373 4234 1424 4282 223
1442 4228 1567 4298 pulueris

233 4316 341 4386 hausti3
364 4334 433 4373 corr.
449 4337 462 4371 o
481 4351 516 4360 —
534 4323 586 4372 225
605 4317 684 4387 quod
700 4319 782 4374 aiore
795 4318 832 4371 A*
851 4351 885 4360 —-
904 4325 956 4374 232
975 4335 1033 4389 qua
1050 4318 1145 4386 dnlce;
1163 4333 1231 4373 corr.
1247 4316 1433 4374 Bcetreuciua
1450 4349 1485 4358 —
1503 4335 1566 4372 oum

233 4405 324 4461 lustra
337 4407 464 4477 parentis
478 4406 577 4463 inuida
590 4406 694 4478 Tarpei
708 4424 837 4463 canerem
852 4409 1040 4464 Morklorrdus
1053 4439 1088 4448 -
1103 4412 1154 4462 237
1173 4407 1264 4462 hmite
1277 4411 1408 4462 uersusa
1423 4441 1456 4448 -
1472 4413 1521 4462 241
1543 4405 1568 4462 si

234 4495 350 4566 iungere
368 4495 522 4566 (siiungere
540 4497 602 4566 Δ*);
621 4513 689 4552 corr.
705 4515 719 4550 o
737 4529 771 4538 —
791 4503 843 4552 242
862 4495 953 4552 bustis
972 4498 1002 4552 et
1019 4496 1126 4566 sentit3'
1137 4513 1205 4552 corr.
1226 4516 1240 4551 a
1259 4529 1293 4539 -

324 4672 377 4722 216
396 4667 481 4737 Verg.
499 4667 532 4722 Δ.
552 4666 643 4721 Χ443
672 4682 803 4737 cuperem
826 4666 887 4737 ipse
910 4685 1012 4738 parens
1036 4669 1179 4739 spectator
1201 4667 1315 4724 adesset
1341 4699 1375 4708 -
1404 4672 1455 4721 217
1478 4669 1513 4736 cf.
1532 4669 1570 4723 od

236 4755 346 4812 V2.10
365 4755 472 4827 gaudia
490 4757 557 4812 fletu
582 4787 617 4796 —
645 4763 698 4810 223
716 4755 910 4812 Thebaici
927 4757 1054 4828 pulueris
1072 4759 1191 4814 haustus
1219 4787 1253 4797 —-
1282 4763 1332 4811 227
1351 4758 1386 4825 cf.
1405 4757 1443 4812 od
1460 4755 1524 4810 Π3.
1536 4763 1569 4811 73

236 4847 264 4901 ta
283 4845 337 4900 snb
356 4848 429 4904 teste
457 4877 491 4886 -
524 4845 593 4901 Silo.
612 4845 651 4900 111
667 4852 690 4900 1.
701 4850 733 4899 31
762 4845 924 4902 Dardaniae
943 4890 950 4904 .
971 4890 977 4902 .
997 4889 1004 4902 .
1024 4847 1113 4904 Albae
1141 4877 1175 4889 --
1201 4853 1253 4900 233
1275 4847 1310 4916 cs.
1330 4848 1367 4903 cd
1385 4845 1508 4903 IVmo
1536 4877 1570 4886 -

236 4940 289 4990 243
308 4934 377 4992 Silo.
392 4935 417 4989 V
432 4941 457 4990 3.
467 4940 501 4991 47
521 4935 570 5006 qui
589 4935 693 4991 damna
711 4935 791 4990 doles
809 4935 905 4992 aliena
925 4969 956 4978 -

1307 5025 1358 5080 13·
