3814 5552
869 427 898 482 P.
919 428 1055 484 PAPINII
1073 428 1205 517 STATII⁸

665 594 753 655 stent
776 590 891 656 altaria
913 591 1128 677 uictimaeque
1152 597 1291 677 centum,

666 720 746 783 quas
768 698 865 764 Dirce
888 699 977 764 lauat
1001 705 1057 764 aut
1080 699 1139 764 alit
1162 698 1344 764 Cithaeron.

665 805 829 870 Lucanum
854 805 1006 892 canimus,
1029 806 1136 870 fauete
1159 805 1294 892 linguis!

752 919 861 979 uestra
883 919 932 980 est
955 914 1019 978 ista
1042 913 1110 978 dies
1124 951 1168 960 -
1184 915 1290 978 fauete
1306 953 1347 960 —
1363 914 1482 1000 Musae,

664 1021 740 1085 dum
764 1020 819 1106 qui
843 1042 903 1086 uos
925 1020 1071 1108 geminas
1095 1020 1171 1085 tulit
1194 1003 1369 1106 perantes,

663 1132 696 1193 ct
719 1128 846 1194 uinctac
870 1129 950 1214 pede
974 1130 1063 1193 uocis
1087 1132 1119 1193 et
1142 1127 1276 1212 solutae,

661 1235 798 1300 Romani
824 1235 942 1300 colitur
964 1234 1053 1300 chori
1078 1234 1235 1300 sacerdos.

662 1342 740 1407 felix
765 1341 843 1430 (heu
866 1340 978 1430 nimis)
1002 1347 1034 1407 et
1058 1341 1155 1407 beata
1177 1341 1283 1428 tellus,

662 1472 743 1535 quae
766 1472 886 1536 pronos
909 1448 1106 1535 Hyperionis
1129 1453 1254 1514 meatus

661 1557 796 1622 summis
819 1555 938 1622 Oceani
961 1557 1053 1622 uides
1076 1556 1110 1621 in
1133 1557 1228 1621 undis

661 1664 896 1751 stridoremque
918 1668 1008 1730 rotae
1032 1663 1175 1729 cadentis
1198 1663 1298 1750 audis,

661 1793 743 1857 quae
765 1770 933 1836 Tritonide
955 1769 1080 1836 fertiles
1103 1769 1249 1835 Athenas

660 1878 775 1963 unctis,
798 1878 938 1962 Baetica,
960 1899 1118 1963 prcuocas
1141 1876 1290 1962 trapetis:

658 1987 823 2052 Lucanum
847 1990 939 2070 potes
963 1985 1123 2070 imputare
1146 1984 1254 2049 terris!

658 2095 720 2159 hoo
742 2094 816 2179 plus
839 2115 936 2179 quam
960 2091 1114 2158 Senecam
1137 2092 1262 2157 dedisse
1286 2092 1405 2156 mundo

658 2206 715 2266 aut
737 2201 863 2266 dulcem
886 2222 1057 2288 generasse
1076 2199 1265 2265 Gallionem.

657 2308 786 2373 attollat
809 2309 926 2374 refluos
949 2308 984 2373 in
1007 2311 1094 2372 astra
1117 2308 1224 2372 fontes

658 2414 753 2481 Graio
777 2415 920 2480 nobilior
942 2414 1060 2480 Melete
1083 2413 1205 2499 Baetis3

658 2522 797 2607 Baetim,
820 2522 967 2608 Mantua,
990 2543 1165 2608 prouocare
1187 2521 1265 2586 noli.
1288 2559 1332 2569 -

657 2634 770 2694 natum
791 2629 940 2715 protinus
962 2634 1059 2714 atquc
1083 2627 1217 2693 humum
1240 2651 1297 2714 per
1321 2631 1423 2715 ipsam

657 2737 761 2823 primo
785 2759 948 2802 murmure
972 2736 1064 2801 dulce
1088 2736 1273 2822 uagientem

657 2844 775 2909 blando
800 2844 942 2930 Calliope
965 2843 1037 2909 sinu
1061 2843 1191 2930 recepit.

654 2956 725 3016 tum
748 2951 888 3037 primum
913 2951 1020 3036 posito
1044 2951 1177 3016 remissa
1199 2952 1290 3016 luctu

654 3059 769 3146 longos
792 3057 939 3144 Orpheos
962 3057 1053 3123 exuit
1076 3059 1202 3124 dolores

630 3171 688 3262 ,et
711 3166 806 3231 dixit:
831 3167 923 3250 ‘puer
946 3187 965 3230 o
989 3165 1093 3231 dicate
1116 3165 1228 3251 Musis,

653 3275 830 3358 longaeuos
853 3273 918 3339 cito
942 3273 1118 3339 transiture
1141 3277 1242 3358 uates,

654 3404 719 3447 non
742 3385 778 3445 tu
801 3381 935 3446 flumina
956 3403 1016 3446 nec
1038 3403 1155 3469 greges
1181 3382 1321 3446 ferarum

655 3511 714 3553 nec
736 3488 861 3574 plectro
885 3486 1012 3554 Geticas
1034 3487 1183 3554 monebis
1207 3510 1312 3575 ornos,

653 3597 709 3661 sed
732 3602 856 3681 septem
880 3597 957 3683 iuga
979 3596 1197 3680 Martiumque
1220 3596 1378 3681 Thybrim

653 3708 686 3768 et
709 3703 820 3769 doctos
844 3703 969 3788 equites
992 3709 1025 3768 et
1048 3704 1219 3789 eloquente

653 3815 749 3876 cantu
772 3833 969 3896 purpureum
993 3810 1101 3875 trahes
1125 3815 1279 3876 senatum.

352 3956 527 3963 ——-....-.
548 3959 553 3964 .

439 4063 471 4111 21
487 4075 536 4128 per
551 4075 628 4113 arces
641 4060 780 4114 Barthiue
794 4091 828 4099 —
842 4065 876 4112 36
892 4075 964 4129 aque
979 4103 1002 4115 ..
1016 4103 1020 4113 .
1036 4059 1129 4130 ipsum
1143 4064 1163 4111 1.
1177 4091 1212 4100 —-
1227 4064 1259 4112 37
1276 4059 1395 4129 primum
1410 4065 1430 4112 1.
1452 4060 1543 4131 primo
1552 4062 1593 4114 Δ*
1605 4065 1638 4132 (I)
1648 4093 1682 4102 -

350 4187 563 4197 ——.

441 4279 474 4326 19
485 4291 545 4342 sqq.
565 4273 630 4328 Hor.
650 4271 740 4329 Caum.
754 4273 794 4327 III
814 4280 837 4328 1.
853 4281 868 4328 2
892 4275 987 4328 fauete
1011 4274 1128 4345 linguis;
1155 4273 1281 4329 carmina
1299 4291 1356 4329 non
1373 4273 1451 4344 prius
1470 4275 1570 4330 audita
1587 4275 1682 4330 Musa-

347 4381 409 4416 rum
424 4361 554 4416 sacerdos
571 4405 575 4414 .
593 4406 598 4417 .
615 4405 620 4416 .
635 4365 719 4416 canto
738 4395 772 4404 -
792 4367 826 4416 20
844 4363 1007 4418 Merobaud.
1023 4363 1051 4418 G.
1067 4362 1103 4418 IV
1119 4369 1134 4416 5
1154 4380 1250 4419 omnes
1268 4380 1343 4417 nunc
1356 4361 1456 4417 Latiae
1473 4363 1568 4420 fauete
1583 4365 1681 4420 Musae

348 4485 383 4493 —
411 4459 445 4506 24
464 4453 497 4507 de
514 4453 635 4520 formula
654 4468 670 4506 o
689 4451 805 4506 nimium
825 4451 893 4506 felix
921 4455 955 4520 cf.
971 4453 1073 4507 Hosrvs
1096 4453 1167 4507 Mus.
1188 4453 1361 4509 Rhen.1aea
1385 4470 1411 4522 p.
1426 4457 1479 4506 464
1501 4461 1526 4508 ct
1544 4453 1627 4525 Verg.
1648 4456 1678 4510 Α.

348 4543 386 4597 IV
396 4547 447 4596 657
468 4539 536 4596 Situ.
547 4540 586 4594 III
597 4545 621 4595 3.
632 4546 666 4594 77)
679 4573 712 4580 -
727 4547 761 4594 25
781 4543 850 4596 Stet.
862 4542 949 4598 Theb.
961 4541 1061 4596 111408
1072 4541 1114 4596 sol
1124 4559 1227 4612 pronus
1247 4575 1279 4583 -
1295 4547 1327 4595 87
1343 4541 1470 4596 cadentis
1485 4545 1520 4610 cf.
1536 4561 1627 4599 comm.
1642 4545 1680 4599 ud

348 4632 373 4685 lI
387 4637 412 4685 2.
426 4637 461 4685 46
482 4663 513 4672 -
534 4629 594 4684 qu.
609 4629 673 4684 XIV
687 4636 739 4684 280
758 4630 895 4702 Herculeo
915 4631 1079 4686 stridentem
1097 4631 1209 4701 gurgite
1233 4631 1326 4686 Solem
1346 4633 1448 4686 huson.
1460 4631 1549 4702 Epist.
1559 4631 1679 4686 xxma

348 4721 542 4788 stridebatque
561 4719 632 4773 freto
652 4718 736 4774 Titan
755 4720 812 4774 iam
831 4720 924 4790 segnis
944 4720 1048 4775 Hibero
1072 4752 1105 4760 -
1129 4726 1163 4774 88
1183 4721 1250 4777 Silu.
1266 4721 1290 4774 V
1305 4727 1376 4776 5.84
1393 4720 1462 4774 Ach.
1478 4721 1490 4774 Ι
1504 4726 1555 4775 767
1575 4721 1680 4776 blando

350 4854 399 4865 ...
419 4809 481 4864 sinu
500 4841 534 4849 -
558 4809 652 4864 Sidon.
672 4807 761 4864 Carra.
777 4809 866 4864 XXIII
881 4814 933 4864 204
951 4811 1008 4864 Iam
1027 4810 1117 4880 primo
1136 4812 1232 4864 teucro
1251 4810 1390 4864 calentem
1410 4809 1445 4864 ab
1465 4813 1528 4865 ortu
1547 4827 1680 4882 excepere

348 4899 411 4954 sinu
428 4915 530 4954 nouem
545 4914 653 4954 sorores
671 4901 705 4967 cf.
724 4901 763 4955 od
780 4899 792 4952 1
811 4905 902 4956 2109
922 4931 954 4940 -
