3814 5552
825 405 854 462 P.
874 405 1010 462 PAPINII
1028 405 1147 462 STATII

532 592 616 636 nunc
638 569 780 655 primurn
803 569 995 655 dominaque
1019 570 1108 636 dedit
1130 592 1323 657 consurgere
1347 564 1470 655 mensa,

532 699 595 762 qua
617 677 777 744 celebrem
800 700 871 743 mea
894 682 971 743 uota
993 680 1076 764 lyra,
1100 700 1164 763 qua
1186 677 1310 744 soluere
1333 682 1442 764 grates

532 784 711 851 sufficiam?
747 807 825 870 non,
849 785 877 851 si
900 785 1023 871 pariter
1045 785 1126 851 mihi
1149 785 1270 851 uertice
1292 785 1378 850 laeto

530 896 640 958 nectat
662 893 812 958 odoratas
836 897 869 957 et
891 891 1029 977 Smyrna
1052 897 1085 958 et
1106 892 1241 958 Mantua
1263 893 1384 977 lauros,

531 1000 629 1088 digne
650 1000 773 1085 loquar.
794 1038 835 1046 —
855 999 970 1065 mediis
993 999 1105 1066 uideor
1127 999 1328 1065 discumbere
1351 999 1385 1064 in
1408 997 1505 1064 astris
1617 1015 1650 1065 10

530 1129 603 1173 cum
624 1107 701 1173 Ioue
725 1113 759 1172 et
780 1106 878 1173 Iliaca
901 1111 1085 1193 porrectum
1109 1129 1234 1173 sumere
1258 1106 1372 1172 dextra

418 1209 424 1220 ¹
530 1213 711 1280 immortale
733 1216 872 1280 merum!
909 1214 1036 1280 steriles
1058 1213 1296 1280 transmisimus
1318 1236 1433 1280 annos:

530 1321 608 1387 haec
631 1321 703 1387 aeui
725 1321 806 1387 mihi
830 1321 936 1407 prima
958 1321 1040 1402 dies,
1063 1321 1116 1386 hio
1138 1321 1252 1386 limina
1274 1321 1370 1388 uitae.

529 1433 603 1495 tene
627 1451 704 1516 ego,
727 1433 880 1517 regnator
902 1432 1061 1494 terrarum
1085 1428 1237 1513 orbisque
1260 1428 1387 1494 subacti

528 1559 644 1624 magne
663 1557 794 1622 parens,
812 1541 859 1623 te,
877 1558 952 1622 spes
970 1536 1151 1622 hominum,
1169 1540 1216 1620 te,
1234 1557 1311 1600 cura
1329 1535 1476 1621 deorum,
1616 1553 1649 1602 16

529 1667 625 1710 cerno
648 1643 778 1709 iacens?
815 1643 910 1709 datur
931 1643 1011 1709 haec
1034 1643 1126 1708 iuxta
1133 1695 1142 1729 ,
1164 1642 1259 1708 datur
1282 1665 1339 1708 ora
1360 1643 1445 1708 tueri

530 1752 606 1817 uina
628 1751 715 1816 iuter
736 1773 927 1836 mensesque
951 1755 983 1816 et
1006 1773 1071 1816 non
1095 1750 1268 1837 adsurgere
1290 1751 1339 1815 fas
1362 1750 1435 1816 est?

617 1862 741 1924 tectum
755 1863 939 1946 augustum,
953 1859 1076 1946 ingens,
1089 1880 1155 1922 non
1170 1861 1299 1923 eentum
1313 1856 1440 1944 insigne
1454 1855 1622 1944 columnis,

528 1965 583 2032 sed
607 1969 746 2050 quantes
770 1987 905 2051 superos
928 1965 1115 2049 caelumque
1138 1963 1273 2029 Atlante
1295 1964 1428 2030 remisso

528 2077 709 2139 sustentare
734 2076 861 2157 queant,
907 2075 1019 2157 stupet
1041 2071 1102 2137 hoc
1125 2070 1231 2137 uicina
1254 2071 1410 2138 Tonantis
1614 2089 1648 2138 00

527 2180 617 2267 regia
639 2184 736 2264 teque
760 2179 831 2263 pari
854 2177 1018 2244 laetantur
1040 2177 1114 2243 sede
1137 2179 1279 2244 locatum

527 2287 667 2353 numina.
708 2308 768 2352 nec
786 2309 941 2373 magnum
965 2307 1121 2371 properes
1141 2285 1309 2351 escendere
1331 2286 1468 2353 caelum:

527 2398 619 2460 tanta
642 2397 733 2479 patet
755 2393 858 2466 moles
881 2394 1063 2478 effusaeque
1086 2393 1229 2478 impetus
1251 2394 1343 2460 aulae

526 2501 673 2587 liberior,
696 2501 803 2586 campi
822 2501 1024 2586 multumque
1047 2499 1217 2585 amplexus
1240 2501 1346 2586 operti

526 2609 674 2674 aetheros
698 2612 731 2674 et
754 2612 881 2674 tantum
904 2608 1035 2674 domino
1057 2607 1177 2694 minor3
1199 2608 1255 2673 ille
1278 2613 1412 2694 penates
1611 2627 1645 2676 06

459 2737 461 2744 ⁴
526 2716 644 2801 implet
666 2720 699 2781 et
722 2716 847 2803 ingenti
870 2716 966 2804 genio
990 2715 1091 2780 iuuat.
1136 2715 1280 2781 aemulus
1303 2716 1371 2782 illic

526 2846 619 2888 mons
641 2822 743 2909 Libys
766 2822 947 2908 Iliacusque
969 2823 1054 2888 nitet
1073 2823 1269 2888 ....musta
1292 2821 1396 2909 Syene

528 2935 561 2995 et
585 2929 682 2996 Chios
705 2934 739 2996 et
761 2931 894 3017 glaucae
918 2928 1075 2994 certantia
1097 2928 1211 2995 Doridi
1234 2952 1312 2996 saxa

528 3038 684 3128 Lunaque
706 3036 875 3122 portandis
898 3040 1027 3102 tantum
1050 3037 1184 3101 suffecta
1206 3035 1371 3102 columnis.

524 3143 623 3231 longa
645 3167 742 3230 supra
764 3143 898 3229 species:
935 3142 1030 3209 fessis
1053 3143 1109 3209 uix
1132 3142 1273 3209 culmina
1295 3143 1434 3228 prendas
1611 3164 1646 3212 eo

526 3251 652 3316 nisibus
675 3251 842 3336 auratique
866 3255 963 3336 putes
985 3249 1149 3335 laquearia
1172 3249 1261 3314 caeli.

614 3357 668 3424 hic
685 3381 758 3424 cum
777 3357 952 3423 Romuleos
971 3379 1120 3442 proceres
1139 3356 1350 3442 trabeataque
1370 3355 1487 3425 Caesar

527 3466 658 3554 agmina
680 3465 768 3531 mille
792 3465 889 3530 simul
911 3465 1006 3530 iussit
1028 3462 1229 3530 discumbere
1252 3464 1384 3550 mensis,

525 3573 599 3659 ipsa
621 3573 710 3639 sinus
733 3572 876 3640 accincta
899 3571 995 3638 Ceres
1018 3571 1228 3656 Bacchusque
1251 3571 1379 3637 laborat

403 3737 417 3786 7
437 3749 508 3802 quae
528 3731 650 3799 soluere;
668 3749 737 3788 corr.
758 3731 874 3788 Vollmer
897 3763 931 3772 -
957 3737 973 3785 9
992 3731 1090 3787 nectat
1107 3729 1240 3785 adoratas
1259 3735 1282 3782 B
1305 3761 1339 3772 -
1369 3736 1402 3786 10
1421 3733 1491 3788 haec
1509 3731 1646 3790 limiae&

313 3851 346 3861 -
368 3825 400 3874 16
418 3827 504 3877 totam
517 3839 627 3877 meam
639 3823 679 3877 sic
692 3821 807 3889 [ortum
821 3827 937 3877 testatur
949 3820 986 3874 Δ*
1005 3821 1040 3889 cs.
1054 3819 1093 3874 IV
1107 3825 1195 3876 8106
1210 3850 1243 3861 -
1263 3825 1297 3873 00
1316 3837 1351 3876 ne
1365 3822 1446 3894 uolgo
1460 3855 1495 3863 -
1513 3823 1647 3879 excedere

313 3909 435 3978 caelum
454 3928 522 3967 corr.
539 3911 700 3966 Gronoua'aa
713 3941 748 3951 -—
771 3915 804 3964 06
823 3909 977 3965 Aethereos
997 3911 1027 3964 et
1043 3915 1084 3963 re
1101 3908 1223 3984 lithereo
1242 3911 1272 3964 et
1289 3915 1312 3962 B
1331 3941 1365 3951 -
1388 3915 1423 3965 07
1442 3913 1571 3968 hainam
1584 3920 1648 3983 post

311 3997 385 4053 nitet
398 4005 533 4055 0007000000
546 3999 584 4052 Δ*
598 4001 674 4056 codd.
680 4023 691 4070 ;
708 4001 883 4056 immet
896 4002 926 4054 et
939 4018 953 4052 o
967 3999 1025 4054 iam
1040 4006 1058 4054 ς
1071 3998 1119 4054 hic
1133 3999 1318 4055 Boeluenea'us
1331 4017 1383 4055 nec
1393 3999 1574 4058 Schwartn'aa
1587 4005 1646 4057 tum

312 4089 393 4144 Elter
409 4119 445 4128 —
463 4094 497 4142 08
517 4091 546 4143 et
565 4089 634 4144 duos
653 4091 695 4159 et;
721 4105 822 4146 corna
845 4119 877 4130 -
898 4089 1008 4157 doridc;
1036 4105 1104 4146 corr.
1124 4089 1284 4144 Polits'oaue
1302 4121 1337 4129 —
1355 4095 1390 4143 04
1408 4089 1540 4146 laborant
1558 4109 1594 4144 ao
1613 4123 1647 4132 -

400 4251 427 4301 8.
443 4253 458 4302 7
477 4251 512 4318 cs.
532 4250 569 4304 ad
586 4249 663 4304 1111.
680 4256 728 4304 171
759 4249 852 4304 Sidon.
868 4249 897 4304 O.
913 4249 976 4303 XVI
991 4253 1025 4303 68
1043 4249 1082 4304 da
1099 4249 1208 4305 soluere
1226 4252 1321 4322 grates
1339 4250 1401 4306 Vel
1416 4249 1457 4305 lu.
1473 4251 1511 4306 IV
1525 4257 1644 4322 oaseqq.

312 4335 409 4392 Claud.
429 4336 511 4393 Prob.
531 4337 567 4392 cl.
587 4343 621 4392 76
639 4369 675 4378 -
692 4345 725 4394 10
739 4339 822 4411 Verg.
837 4339 870 4395 A.
884 4339 897 4392 I
911 4345 963 4394 700
983 4338 1169 4394 discumbitur
1186 4341 1262 4394 ostro
1281 4340 1385 4396 Auson.
1403 4339 1519 4411 prem.
1534 4341 1598 4396 VIII
1613 4348 1646 4396 00

311 4431 349 4496 (p.
371 4426 441 4496 141³)
467 4427 587 4483 Sarrano
611 4426 709 4482 uideor
730 4427 906 4484 discumbere
928 4427 958 4484 in
981 4429 1057 4484 ostro
1080 4461 1116 4470 —
1139 4435 1172 4482 10
1196 4428 1404 4484 adularer
1426 4447 1508 4485 nemo
1532 4431 1647 4487 modom

310 4513 470 4568 transmissi
493 4517 637 4585 computet
659 4516 736 4572 aeui:
763 4515 811 4572 blo
830 4517 908 4572 uitae
926 4516 1031 4572 natalis
1050 4517 1157 4572 erit-
1177 4523 1209 4572 16
1228 4517 1310 4572 Mart.
1325 4519 1395 4573 180,
1412 4524 1445 4573 10
1469 4519 1532 4588 quis
1552 4537 1647 4575 euram

310 4605 396 4674 neget
413 4619 475 4658 esse
493 4607 522 4658 te
540 4603 657 4659 deorum
670 4637 705 4646 -
721 4612 754 4660 16
768 4605 851 4678 Verg,
866 4607 899 4662 Α.
909 4605 947 4660 VI
962 4611 1014 4660 688
1033 4605 1117 4660 datur
1135 4623 1184 4662 ora
1202 4606 1276 4662 tueri
1290 4637 1324 4648 -·
1340 4613 1373 4662 18
1387 4607 1470 4678 Verg.
1486 4609 1517 4664 Δ.
1528 4607 1581 4664 vu
1596 4615 1647 4665 170

311 4693 418 4748 tectum
437 4693 589 4763 augustum
607 4691 706 4766 ingens
724 4697 837 4749 centum
855 4694 975 4750 sublinre
995 4693 1131 4750 columnis
1145 4725 1179 4735 -
1195 4699 1228 4748 00
1245 4697 1280 4765 of.
1295 4697 1359 4752 cdl
1375 4703 1397 4752 1.
1414 4703 1465 4752 106
1481 4729 1513 4739 -
1528 4703 1563 4754 06
1578 4698 1647 4754 Silu.

310 4779 336 4834 11
350 4785 374 4834 6.
390 4785 425 4835 86
443 4783 555 4836 tantum
573 4781 686 4838 domino
705 4784 796 4839 minor
809 4785 891 4842 Mart.
902 4783 967 4840 VIII
981 4789 1023 4840 86.
1040 4789 1072 4839 10
1091 4785 1124 4840 de
1139 4785 1232 4840 eudem
1245 4787 1310 4842 aede
1323 4803 1375 4856 par
1389 4787 1488 4842 domus
1502 4790 1546 4843 est
1559 4788 1647 4859 caelo,

310 4869 360 4924 sed
379 4869 470 4926 minor
488 4875 532 4926 est
551 4871 663 4928 domino
682 4905 716 4914 -
736 4880 770 4928 80
788 4876 823 4944 cf.
843 4877 881 4931 ad
899 4875 912 4928 1
927 4880 950 4927 1.
965 4877 1000 4927 87
1020 4904 1053 4914 -
