3820 5558
863 434 894 491 P.
912 433 1049 490 PAPINII
1067 433 1185 490 STATH

570 618 629 662 nec
652 595 792 682 simplex
815 597 940 682 patriae
964 597 1060 664 decue
1083 603 1116 664 et
1138 597 1257 664 natalis
1279 597 1372 685 origo

570 703 691 788 pendet
714 708 747 768 et
769 703 924 791 ambiguo
947 704 1095 792 geminae
1119 705 1293 770 certamine
1315 709 1421 771 terrae

572 813 604 874 te
627 809 666 874 de
689 814 788 897 gente
810 832 905 876 suum
927 810 1029 877 Latiis
1052 812 1154 878 ascita
1177 811 1300 878 colonis

571 915 667 982 Greia
689 917 789 982 refert
811 917 929 1002 Hyele,
953 917 1068 984 Graius
1092 941 1155 1004 qua
1179 941 1291 1005 puppe
1313 919 1469 1006 magister

573 1024 693 1090 excidit
717 1028 750 1090 et
772 1024 887 1091 mediis
909 1025 1007 1091 miser
1031 1025 1201 1112 euigilauit
1223 1025 1257 1090 in
1280 1025 1388 1114 undis,

571 1131 674 1196 maior
697 1134 731 1195 at
754 1131 829 1196 inde
852 1154 946 1198 suum
968 1131 1068 1219 longo
1091 1133 1212 1218 probat
1234 1131 1346 1197 ordine
1369 1131 1455 1198 uitae

571 1237 767 1323 Parthenope
804 1291 1453 1308 .............

570 1346 763 1412 Maeoniden
784 1345 930 1432 aliaeque
953 1347 1026 1412 aliis
1047 1345 1212 1412 natalibus
1235 1346 1334 1413 urbes

571 1452 730 1537 diripiunt
748 1457 945 1540 cunctaeque
963 1455 1107 1540 probant
1121 1493 1162 1502 -
1176 1477 1243 1520 non
1261 1455 1413 1520 omnibus
1431 1453 1486 1519 ille

570 1582 680 1648 uerus,
702 1559 762 1626 elit
785 1561 889 1627 uictos
911 1561 1061 1628 immanis
1084 1561 1189 1650 gloria
1211 1561 1293 1628 falsi.

570 1672 668 1753 atque
692 1667 740 1733 ibi
763 1668 840 1734 dum
862 1669 989 1754 profers
1012 1691 1113 1736 annos
1136 1669 1301 1754 uitamque
1325 1669 1463 1754 salutas,

571 1775 721 1861 protinus
744 1775 784 1840 ad
807 1776 906 1862 patrii
929 1776 1052 1862 raperis
1074 1776 1250 1842 certamina
1272 1777 1366 1842 lustri

571 1882 628 1949 uix
646 1882 811 1968 implenda
834 1882 927 1972 uiris,
950 1883 1081 1949 laudum
1104 1884 1243 1950 festinus
1265 1889 1299 1950 et
1322 1883 1426 1950 audax

571 1990 703 2077 ingenii.
749 1991 876 2076 stupuit
899 1991 1066 2077 primaeua
1088 1992 1128 2058 ad
1151 1991 1293 2057 earmina
1315 1991 1429 2077 plebes

570 2097 705 2163 Euboea
728 2102 761 2163 et
783 2097 869 2164 natis
892 2103 924 2164 te
948 2103 1168 2165 monstrauere
1191 2103 1351 2184 parentes.

571 2205 645 2271 inde
668 2205 819 2290 frequens
842 2227 971 2292 pugnae
993 2205 1148 2290 nulloque
1172 2204 1312 2292 ingloria
1334 2226 1423 2271 sacro

572 2335 636 2378 uox
660 2317 731 2380 tua:
767 2299 833 2379 non
857 2311 977 2378 totiens
1000 2312 1158 2379 uictorem
1181 2312 1314 2379 Castora
1336 2335 1418 2400 gyro

571 2441 630 2485 nec
652 2421 785 2486 fratrem
808 2422 918 2484 caestu
942 2417 1061 2484 uirides
1084 2418 1232 2504 plausere
1255 2418 1452 2503 Therapnae.

571 2526 622 2593 sin
644 2549 783 2613 pronum
806 2525 922 2592 uicisse
945 2526 1046 2592 domi:
1084 2526 1162 2611 quid
1184 2524 1313 2591 Achaea
1335 2525 1451 2591 mereri

572 2634 715 2718 praemia
732 2655 817 2700 nunc
835 2632 933 2700 ramis
952 2633 1077 2699 Phoebi
1096 2655 1182 2698 nunc
1200 2633 1345 2720 gramine
1363 2633 1486 2698 Lernae

571 2763 656 2806 nunc
679 2739 897 2807 Athamantea
920 2745 1104 2826 protectum
1127 2746 1276 2826 tempora
1298 2740 1392 2827 pinu,

572 2871 644 2914 cum
663 2849 784 2914 totiens
803 2847 922 2914 lassata
940 2853 1050 2915 tamen
1066 2871 1227 2934 nusquam
1246 2846 1319 2912 auia
1338 2847 1467 2913 frondes

571 2955 710 3022 abstulit
732 2960 789 3021 aut
812 2955 912 3022 alium
935 2955 1047 3044 tetigit
1070 2955 1215 3022 Victoria
1238 2954 1380 3022 crinem?
1399 2993 1441 3002 -

572 3061 648 3127 hinc
671 3061 733 3126 tibi
757 3065 835 3128 uota
857 3065 987 3146 patrum
1010 3061 1095 3127 credi
1118 3083 1338 3149 generosaque
1361 3062 1466 3147 pubes

572 3175 605 3235 te
629 3169 788 3235 monitore
812 3168 895 3257 regi:
931 3191 1037 3235 mores
1060 3173 1094 3234 et
1116 3169 1201 3235 facta
1223 3169 1369 3254 priorum

572 3276 707 3362 discere,
730 3276 803 3362 quis
826 3298 918 3342 casus
940 3276 1068 3363 Troiae,
1091 3297 1188 3361 quam
1210 3276 1322 3342 tardus
1344 3275 1471 3361 Vlixes,

573 3388 713 3469 quantus
736 3404 836 3469 equos
860 3404 1050 3471 pugnasque
1073 3383 1180 3450 uirum
1203 3383 1369 3448 decurrere
1392 3404 1488 3448 uersu

571 3490 756 3556 Maeonides
781 3495 1002 3576 quantumque
1025 3492 1098 3576 pios
1122 3490 1233 3556 ditarit
1255 3495 1400 3578 agrestes
1641 3507 1692 3556 1⁵0

570 3597 729 3664 Ascraeus
752 3597 942 3685 Siculusque
966 3622 1077 3680 senex,
1101 3621 1165 3684 qua
1187 3598 1260 3686 lege
1283 3601 1426 3664 recurrat

570 3705 757 3772 Pindaricae
779 3728 845 3773 uox
868 3708 953 3772 flexa
974 3706 1063 3791 lyrae
1087 3707 1317 3791 uolucrumque
1340 3709 1489 3790 precator

362 3825 574 3836 ----.-—-

447 3889 498 3937 125
527 3883 633 3954 pendet
656 3883 692 3938 ab
717 3883 853 3940 Bantius
876 3915 910 3924 -
935 3889 984 3938 127
1010 3883 1080 3952 sele;
1105 3901 1173 3940 corr.
1193 3883 1327 3939 Heinsius
1350 3913 1384 3924 —
1407 3881 1504 3953 grauis
1527 3881 1634 3954 (graius
1651 3883 1692 3952 ι);

357 3989 461 4044 gnarus
476 3973 540 4028 otim
554 3973 672 4028 Vollmer
686 3971 820 4044 grauidas
831 3971 951 4028 Elta'a'ca
964 3971 1103 4043 Phrygius
1117 3973 1260 4028 Ammius
1274 3971 1373 4026 Troius
1388 3970 1574 4028 Boetrmsias
1588 3987 1692 4042 pronus

363 4063 466 4118 Walter
488 4093 523 4102 ··-
550 4067 601 4116 129
620 4062 722 4118 laeum
739 4062 819 4116 asella
836 4061 868 4116 ia
887 4062 1036 4130 codicibus,
1055 4063 1153 4118 atatait
1172 4061 1361 4118 Marklaadus
1382 4092 1416 4102 -
1442 4065 1492 4115 132
1511 4077 1608 4115 versus
1627 4059 1692 4130 slit3

357 4167 426 4206 corr.
445 4149 583 4206 Sedenim
600 4180 634 4190 —
654 4149 744 4204 uictas
764 4149 908 4206 Beothius
927 4183 959 4192 -
979 4149 1069 4205 uictos
1088 4153 1118 4204 et
1134 4149 1227 4205 inanis
1245 4170 1263 4205 ι
1281 4183 1315 4192 -
1339 4157 1390 4207 lea
1410 4153 1495 4220 atque
1514 4149 1577 4220 ubi;
1595 4167 1693 4206 carro

357 4271 391 4280 -
421 4244 471 4292 135
501 4237 605 4294 festina
628 4239 678 4294 red
701 4241 734 4294 ut
756 4238 825 4309 dux;
853 4257 921 4298 corr.
941 4241 1057 4310 Lipsius
1083 4271 1118 4280 —
1148 4246 1199 4295 140
1222 4239 1359 4309 clausere;
1387 4258 1489 4297 como
1516 4273 1552 4281 —
1581 4245 1629 4295 141
1655 4239 1693 4294 eit

357 4345 508 4401 prosumo
537 4360 570 4370 -
600 4335 651 4384 144
678 4329 747 4398 quin
775 4329 879 4384 totiens
906 4329 1043 4386 Heinius
1074 4361 1107 4370 -
1141 4335 1191 4384 147
1219 4347 1366 4400 moresque
1390 4333 1419 4386 et
1443 4331 1631 4386 Marklandue
1658 4361 1693 4370 -

358 4424 409 4474 149
428 4436 529 4488 equus;
548 4435 616 4476 corr.
632 4424 671 4474 ςο
690 4449 723 4460 -

447 4567 498 4616 128
517 4561 600 4632 Verg.
616 4563 647 4617 A.
662 4561 700 4614 111
710 4567 762 4615 202
781 4560 877 4616 media
890 4561 1038 4617 Palinurus
1057 4561 1086 4616 in
1105 4561 1182 4617 unde
1199 4563 1234 4630 cf.
1250 4561 1288 4617 VI
1303 4569 1354 4618 379
1374 4593 1408 4604 -
1429 4567 1479 4616 133
1499 4561 1566 4617 Silu.
1582 4561 1607 4616 II
1622 4568 1645 4617 1.
1657 4567 1692 4616 80

357 4651 449 4722 prime
468 4695 473 4706 .
490 4695 518 4707 ..
539 4653 616 4706 astra
644 4651 815 4705 salutantem
834 4657 941 4705 -135
969 4651 1038 4706 Silu.
1056 4651 1094 4704 111
1109 4655 1132 4708 2.
1147 4656 1181 4705 64
1204 4651 1298 4707 audax
1321 4651 1429 4722 ingenii
1448 4683 1482 4692 —
1502 4658 1553 4707 137
1577 4653 1642 4707 Hor.
1662 4652 1690 4708 C.

356 4741 395 4794 IV
409 4747 433 4796 3.
444 4747 478 4796 22
501 4743 641 4796 monstror
663 4739 761 4809 digitis
784 4741 1022 4810 praetereuntium
1041 4741 1075 4810 cs.
1094 4741 1170 4794 Pers.
1189 4740 1250 4794 Ire
1269 4741 1335 4794 Inar
1351 4773 1385 4782 -
1407 4748 1457 4796 142
1481 4741 1689 4799 Silu.111.181

356 4831 484 4900 gramine
503 4831 609 4885 Lernae
624 4861 657 4870 -
678 4834 727 4882 147
747 4830 782 4897 cs.
801 4831 839 4886 ud
857 4829 895 4884 1v
910 4835 934 4884 7.
946 4837 980 4884 26
996 4833 1025 4884 te
1040 4829 1096 4884 fido
1109 4829 1248 4885 monitore
1261 4862 1295 4872 -
1312 4837 1361 4885 147
1378 4847 1404 4885 u.
1419 4836 1451 4884 61
1467 4847 1613 4901 moresque
1627 4833 1692 4885 tuos

357 4921 387 4973 et
405 4919 481 4974 facta
500 4951 533 4960 —
