3814 5552
849 451 878 504 P.
898 450 1034 504 PAPINll
1054 449 1177 505 STATII·

557 614 643 698 quid,
667 614 692 679 si
717 636 775 679 nec
798 614 960 679 famulus?
984 614 1050 680 uidi
1075 614 1144 699 ipse
1167 613 1365 698 habitusque
1389 613 1500 678 notaui

556 725 588 784 te
612 725 739 786 tantum
762 721 922 806 cupientis
947 742 1046 806 erum,
1069 721 1124 786 sed
1148 720 1250 786 maior
1272 719 1306 785 in
1330 743 1385 786 ore

555 827 689 912 spiritus
712 831 745 892 et
769 832 879 894 tenero
903 827 1064 893 manifesti
1089 827 1303 914 insanguine
1327 850 1440 894 mores.

555 939 707 1019 optarent
729 937 868 1001 multum
892 933 1006 1001 Graiae
1029 941 1250 1021 cuperentque
1273 935 1406 1000 Latinae

555 1041 600 1108 sic
623 1042 788 1127 peperisse
812 1064 921 1108 nurus,
958 1065 1022 1107 non
1046 1042 1145 1107 talem
1169 1042 1281 1108 Cressa
1304 1044 1482 1127 superbum
1639 1061 1671 1108 aa

554 1149 670 1215 callida
693 1149 833 1215 sollicito
857 1151 1022 1215 reuocauit
1045 1149 1169 1214 Thesea
1191 1151 1256 1234 filo,

555 1279 613 1322 nee
635 1256 727 1322 Paris
751 1255 903 1322 Oebalios
926 1256 1001 1322 talis
1025 1255 1154 1322 uisurus
1177 1278 1301 1323 amores

554 1363 693 1428 rusticus
716 1364 836 1429 inuitas
859 1363 976 1429 deiecit
998 1363 1032 1428 in
1055 1385 1196 1448 aequora
1220 1365 1324 1448 pinus.

554 1493 618 1535 non
642 1469 720 1536 fallo
744 1476 799 1536 aut
823 1475 936 1536 cantus
958 1471 1090 1536 adsueta
1112 1470 1244 1536 lieentia
1266 1471 1367 1536 ducit:

554 1577 621 1644 uidi
644 1583 677 1642 et
700 1578 805 1644 adhuc
827 1578 931 1662 uideo,
955 1578 1084 1662 qualem
1107 1600 1166 1643 nec
1190 1578 1276 1642 bella
1299 1582 1465 1644 canentem
1639 1596 1672 1643 ao

556 1685 652 1750 litore
676 1672 823 1772 uirgineo
846 1685 959 1751 Thetis
983 1685 1159 1750 occultauit
1181 1684 1342 1750 Achillem

554 1815 612 1858 nec
635 1791 755 1858 circum
779 1793 867 1858 saeui
891 1793 1071 1879 fugientem
1095 1792 1221 1858 moenia
1240 1792 1364 1858 Phoebi

554 1900 686 1966 Troilon
710 1899 907 1966 Haemoniae
932 1899 1103 1985 deprendit
1124 1900 1236 1965 lancea
1259 1900 1399 1966 dextrae.

644 2007 749 2091 qualis
768 2009 851 2072 eras!
875 2006 1002 2092 procul,
1026 2029 1078 2092 en,
1102 2007 1227 2072 cunctis
1249 2007 1425 2093 puerisque
1444 2009 1588 2094 uirisque

554 2114 721 2198 pulchrior
743 2117 776 2178 et
799 2119 926 2178 tanturn
950 2113 1080 2178 domino
1104 2113 1221 2179 minor!
1254 2113 1341 2180 illius
1364 2137 1447 2180 unus
1639 2133 1673 2181 35

554 2225 629 2286 ante
653 2220 756 2306 decor,
781 2226 939 2307 quantum
963 2221 1127 2306 praecedit
1150 2221 1235 2287 clara
1257 2221 1398 2288 minores

553 2329 644 2394 Luna
663 2329 748 2394 faces
769 2332 993 2413 quantumque
1012 2329 1092 2394 alios
1110 2329 1231 2413 premit
1249 2328 1413 2414 Hesperos
1432 2330 1532 2418 ignes.

553 2459 617 2502 non
641 2436 704 2502 tibi
726 2435 901 2501 femineum
926 2435 1020 2501 uultu
1043 2434 1139 2500 decus
1162 2457 1283 2520 oraque
1307 2459 1405 2522 supra

554 2543 662 2610 mollis
685 2544 797 2630 hence,
821 2543 927 2627 qualis
950 2542 1068 2608 dubiae
1090 2547 1165 2627 post
1188 2543 1322 2608 crimina
1345 2544 1467 2609 formae

555 2651 593 2716 de
617 2673 695 2716 sexu
719 2650 857 2716 transire
880 2649 1004 2732 iubent,
1029 2653 1191 2734 toruoque
1215 2649 1318 2716 uirilis

552 2757 658 2844 gretia
681 2781 740 2824 nee
762 2758 914 2842 petulans
938 2758 1022 2822 acies
1045 2757 1222 2843 blandique
1245 2779 1357 2824 seuero

554 2865 629 2952 igne
652 2865 746 2950 oculi,
771 2864 877 2950 qualis
902 2864 997 2931 bellis
1020 2864 1054 2930 in
1078 2863 1199 2930 casside
1223 2865 1296 2930 uisu

553 2971 817 3057 Parthenopaeus
841 2977 919 3056 erat,
942 2971 1147 3057 simplexque
1170 2993 1277 3038 errore
1301 2973 1415 3039 decoro

553 3079 651 3145 crinis
674 3084 707 3144 et
730 3079 880 3145 obsessae
903 3079 1045 3145 nondum
1069 3079 1241 3164 primoque
1265 3079 1420 3145 micantes

554 3189 631 3252 flore
655 3209 765 3274 genae.
812 3187 910 3251 talem
933 3186 1058 3251 Ledaeo
1082 3185 1212 3272 gurgite
1236 3185 1358 3270 pubem

553 3295 667 3359 educat
689 3293 838 3372 Eurotas,
863 3293 965 3359 teneri
990 3292 1035 3357 sic
1059 3292 1185 3379 integer
1207 3292 1279 3359 aeui

552 3400 629 3466 Elin
652 3399 720 3465 adit
743 3401 931 3485 primosque
954 3399 1024 3465 Ioui
1049 3421 1130 3484 puer
1153 3399 1314 3484 adprobat
1337 3423 1446 3467 annos.

341 3521 553 3530 ....-———

429 3585 464 3632 30
487 3579 646 3644 canentem
670 3595 738 3632 corr.
758 3581 829 3630 BR·
858 3608 890 3617 -
920 3581 953 3630 38
977 3576 1073 3630 uultus
1092 3581 1116 3629 B
1143 3609 1175 3616 —
1205 3578 1341 3646 toruaque
1364 3579 1457 3646 (ettam
1471 3579 1551 3648 A*?);
1575 3595 1673 3634 eorm

340 3671 422 3722 torua
437 3671 522 3736 atque
536 3667 719 3722 schwartzius
737 3699 771 3706 -
790 3672 825 3720 te
844 3665 928 3720 bellis
942 3664 1013 3733 iom3
1033 3681 1100 3720 corr.
1118 3665 1235 3721 Vollmer
1253 3683 1317 3720 cum
1334 3665 1395 3722 Otto
1409 3666 1625 3724 sinencriamc
1639 3699 1673 3708 -

339 3756 417 3811 uisus
431 3761 455 3809 B
467 3756 531 3810 uisa
545 3760 587 3808 ct
614 3755 701 3810 missa
716 3757 874 3810 Polittoaae
894 3787 925 3795 -
946 3760 980 3808 43
999 3754 1162 3809 herrore1¹
1179 3758 1223 3824 (tn
1238 3773 1321 3826 rnarp.
1338 3755 1425 3811 21an
1438 3756 1562 3827 horrore)
1582 3774 1673 3813 errore

340 3849 412 3900 m
441 3845 554 3900 horrore
573 3863 590 3897 ι
608 3877 642 3884 -

429 4030 463 4078 33
483 4023 550 4080 Sila.
570 4023 595 4077 11
616 4029 638 4078 1.
649 4028 684 4078 50
703 4022 744 4078 nil
763 4022 837 4077 uen's
856 4021 969 4092 adfirmo
987 4021 1069 4077 bonis
1084 4055 1117 4063 —
1140 4027 1175 4076 34
1193 4021 1286 4091 qualis
1306 4039 1368 4078 eras
1386 4026 1421 4092 cf.
1436 4025 1473 4079 od
1491 4023 1517 4078 11
1536 4029 1623 4080 3157
1638 4057 1673 4066 -

340 4119 374 4168 35
393 4113 460 4168 Silu.
481 4113 600 4168 [Vaut
620 4113 778 4168 attentum
798 4111 911 4166 domino
930 4111 1073 4167 minor-
1092 4117 1126 4166 36
1146 4112 1343 4180 ctadllbt
1381 4113 1445 4168 Hor.
1461 4112 1671 4170 Carm.112.47

339 4202 420 4258 uelut
437 4201 511 4257 inter
529 4201 608 4273 ignes
630 4201 698 4256 luna
720 4200 842 4256 minores
874 4200 961 4271 Epod.
984 4206 1056 4255 151
1082 4200 1161 4256 coelo
1179 4200 1310 4271 fulgebat
1327 4201 1395 4257 luna
1414 4219 1510 4257 sereno
1529 4203 1603 4258 inter
1620 4202 1672 4256 mi·

339 4309 409 4347 nora
432 4291 526 4346 sidera
549 4294 584 4358 cf.
600 4290 651 4347 Ou.
671 4291 734 4345 Her.
755 4289 832 4344 XVH
846 4295 878 4344 71
890 4307 931 4359 sq.
967 4289 1063 4345 Manil.
1083 4290 1167 4345 1470
1204 4291 1265 4346 Sen.
1285 4289 1542 4362 Phaedr.‘14³sqq.
1566 4295 1672 4362 quanto

339 4381 426 4436 micat
444 4382 511 4435 orbe
529 4379 612 4450 pleno
634 4425 638 4434 .
656 4425 660 4434 .
678 4424 682 4434 .
703 4379 814 4435 Phoebe
833 4395 884 4433 nec
903 4380 1001 4434 tenent
1019 4377 1119 4433 stellae
1138 4378 1240 4434 faeiem
1255 4378 1385 4449 minores,
1402 4379 1469 4434 talis
1484 4383 1528 4435 ert
1543 4425 1548 4435 .
1561 4424 1584 4435 ..
1603 4381 1672 4452 Hes-

339 4487 422 4540 perus
441 4471 474 4536 cs.
490 4469 563 4524 Med.
579 4474 613 4522 33
624 4486 683 4538 qq.
713 4469 783 4522 Stat.
799 4466 885 4522 Theb.
901 4467 939 4521 Vl
953 4473 1005 4522 578
1016 4487 1075 4537 sqq.
1105 4467 1153 4523 Sil.
1174 4467 1206 4523 lt.
1223 4467 1390 4538 vfleeesq.
1419 4469 1482 4523 xvi
1501 4475 1535 4524 35
1575 4470 1672 4526 Claud.

340 4559 420 4614 Prob.
437 4559 479 4614 Ol.
495 4559 567 4614 eeff.
605 4559 682 4612 Boet.
703 4558 783 4614 Cone.
803 4556 903 4628 philos.
919 4557 931 4610 l
950 4575 1034 4612 earm.
1055 4564 1112 4612 uo
1139 4561 1171 4611 ut
1192 4575 1265 4612 nunc
1285 4558 1369 4629 pleno
1388 4557 1483 4612 lucida
1501 4575 1586 4614 cornu
1605 4561 1673 4615 totis

339 4647 434 4703 fratria
453 4651 482 4702 et
501 4647 587 4702 obuia
605 4647 724 4703 flammis
744 4647 846 4701 condet
864 4645 962 4702 stellas
981 4647 1049 4701 luna
1067 4645 1188 4701 minores
1211 4679 1241 4688 -
1262 4653 1296 4701 40
1316 4646 1384 4702 Silu.
1400 4648 1439 4702 111
1458 4654 1482 4704 3.
1496 4653 1526 4702 71
1550 4649 1584 4702 de
1604 4666 1670 4704 sexu

340 4737 460 4792 transire
479 4737 559 4792 iubet
580 4769 615 4777 —
638 4737 704 4790 Hor.
724 4735 814 4791 Germ.
829 4735 867 4789 Ill
887 4741 910 4792 5.
926 4742 961 4790 43
986 4736 1096 4790 uirilem
1125 4738 1222 4792 toruus
1250 4736 1328 4792 humi
1355 4737 1482 4807 posuisse
1510 4738 1620 4792 uultum
1639 4771 1673 4780 -

340 4833 374 4881 43
393 4825 480 4880 Theb.
500 4827 591 4880 11716
611 4825 656 4880 cui
674 4829 756 4880 torua
774 4825 853 4894 geni·
872 4825 985 4880 horrore
1005 4826 1105 4880 decoro
1124 4825 1212 4880 caesis
1231 4857 1259 4868 -
1288 4833 1323 4881 45
1342 4827 1444 4882 Lucan.
1460 4827 1498 4882 VI
1513 4832 1565 4882 563
1583 4844 1673 4898 genae

341 4915 435 4972 florem
455 4947 487 4956 -
507 4921 541 4972 46
562 4915 643 4986 Verg.
664 4917 694 4971 A.
709 4915 734 4970 ll
749 4919 801 4970 338
820 4913 930 4986 integer
948 4914 1012 4970 aeui
1027 4947 1060 4956 —
