3834 5554
330 450 397 516 264
884 453 1117 510 COMMENTAR

331 615 371 678 ad
402 614 477 680 Divi
510 613 644 682 Antonii
682 617 771 703 ipsae
808 641 911 704 prope
947 619 1059 684 ruinae
1091 625 1235 686 veterum
1268 621 1486 688 aedificiorum
1518 623 1665 689 funditus

331 721 513 788 interierint
541 725 583 790 ob
612 725 825 811 praecipitem
852 727 887 791 in
915 749 979 812 quo
1008 727 1142 793 fundata
1169 729 1298 795 fuerant
1321 731 1508 796 descensum
1532 734 1565 795 et
1588 730 1665 796 assi·

332 830 410 896 duas
447 834 497 896 tot
533 832 734 898 saeculorum
771 833 948 900 alluviones
981 839 1013 898 et
1046 839 1278 920 tempestatum
1310 836 1457 925 iniurias,
1494 837 1666 925 diligenter

332 937 542 1004 nihilomiuus
570 941 696 1005 eosdem
727 940 828 1006 saltus
851 941 1090 1029 vestigantibus
1114 949 1285 1010 occurrunt
1309 945 1485 1011 identidem
1508 969 1567 1030 per
1590 953 1664 1010 eum

330 1049 470 1112 tractum
502 1069 667 1113 murorum
699 1070 736 1113 ac
764 1049 1042 1114 substructionum
1070 1051 1253 1137 fragmenta
1280 1057 1314 1118 et
1340 1053 1455 1118 rudera
1483 1051 1666 1137 antiquissi-

330 1173 456 1218 morum
484 1155 728 1238 praetoriorum.
774 1155 818 1221 Et
845 1157 916 1222 loco
939 1179 1057 1222 nomen
1080 1163 1270 1242 corruptum
1292 1160 1422 1245 quidem
1445 1161 1501 1226 scd
1525 1182 1541 1225 9
1565 1159 1667 1225 191911

330 1259 460 1325 dominc
487 1261 667 1327 derivatum
689 1283 893 1347 perseverare
916 1263 1063 1328 nonnulli
1088 1263 1189 1350 (apud
1211 1264 1331 1332 Anton.
1355 1267 1406 1332 del
1429 1267 1492 1353 Re,
1519 1266 1558 1332 de
1581 1265 1667 1332 villis

330 1367 526 1456 Tiburtinis)
555 1369 595 1433 ad
622 1369 709 1435 hunc
737 1369 822 1435 diem
850 1370 1051 1437 tradiderunt
1078 1371 1294 1457 Lopiscone
1323 1373 1413 1460 quasi
1437 1373 1666 1459 Vopiscone.

329 1474 454 1540 Rursus
482 1475 741 1560 pavimentorum
770 1477 934 1543 tessellato
961 1501 1058 1563 opere
1082 1483 1340 1546 constructorum
1363 1481 1510 1570 segmina
1532 1504 1597 1548 non
1621 1481 1667 1546 ita

332 1582 457 1667 pridem
500 1583 533 1648 in
571 1584 685 1650 iisdem
721 1584 802 1669 ripis
839 1586 961 1651 refossa
998 1590 1089 1672 sunt,
1129 1587 1234 1672 lapilli
1272 1587 1395 1654 scilicet
1431 1588 1527 1676 varii,
1568 1611 1667 1674 parva

329 1689 505 1756 referentes
542 1695 704 1758 mustacea
741 1691 808 1757 albi
845 1693 1105 1780 nigricantesque
1139 1696 1332 1781 marmorei„
1359 1696 1430 1762 loco
1461 1697 1517 1781 qui
1544 1696 1667 1763 colonis

331 1797 448 1863 dicitur
480 1798 507 1862 il
534 1797 658 1864 'Piano
691 1799 793 1864 della
824 1800 985 1888 Regina,
1017 1802 1109 1886 quasi
1137 1801 1272 1888 Vopisci
1304 1803 1381 1868 villa
1413 1803 1460 1870 ibi
1488 1803 1667 1888 antiquitus

331 1905 543 1991 exurrexerit,
570 1905 720 1972 villarum
743 1907 987 1973 Tiburtinorum
1016 1909 1177 1994 quondam
1206 1911 1318 1998 regina
1345 1913 1378 1975 91
1406 1911 1550 1976 omnium
1578 1933 1667 1976 orna-

332 2012 463 2078 tissima.
514 2012 640 2078 Ibidem
672 2014 704 2079 in
738 2014 802 2079 ima
834 2015 917 2080 valle
950 2020 983 2080 et
1016 2016 1101 2082 inter
1132 2017 1241 2083 fauces
1268 2016 1403 2084 Anienis
1432 2041 1594 2103 supraque
1622 2017 1668 2083 in-

332 2120 445 2204 fraque
469 2121 576 2185 saxosi
600 2124 633 2186 at
656 2121 847 2187 intermedio
871 2145 909 2188 99
933 2109 1040 2208 spatio
1063 2124 1146 2189 lenis
1169 2128 1266 2210 atque
1289 2125 1452 2191 mitissimi
1476 2130 1668 2210 praeruptas

331 2227 485 2313 quasdem
509 2231 542 2293 91
565 2233 712 2294 extantes
735 2251 827 2295 auras
851 2229 941 2314 quasi
966 2230 1064 2314 prisci
1086 2231 1224 2319 vestigia
1244 2233 1355 2317 pontis
1374 2254 1443 2298 9999
1462 2233 1668 2318 deprendisse

331 2334 440 2420 plures
466 2335 576 2400 testati
601 2341 676 2401 sunt
700 2341 872 2403 91991999
897 2360 1024 2422 quoque
1047 2337 1081 2402 in
1104 2339 1281 2404 9911911119
1305 2341 1472 2425 ponticulo
1496 2341 1524 2405 il
1547 2341 1668 2406 Ponte

331 2443 398 2507 sive
430 2441 458 2507 il
491 2441 607 2508 Passc
640 2443 700 2509 del
729 2444 845 2529 Lupo.
896 2445 983 2523 Quae
1016 2445 1124 2510 omnia
1152 2469 1224 2512 cum
1252 2446 1293 2512 iis
1320 2470 1402 2532 quae
1429 2449 1468 2512 de
1496 2447 1668 2514 Tiburtino

332 2548 453 2634 duplici
472 2550 584 2615 Manlii
604 2550 737 2636 Vopisci
762 2552 924 2636 praetorio
949 2552 1128 2618 aestatibus
1151 2553 1288 2619 maxime
1312 2559 1390 2640 apto
1412 2555 1527 2620 cecinit
1546 2553 1670 2621 Statius

332 2657 431 2722 allato
472 2657 613 2722 carmine
651 2659 820 2724 convenire
857 2659 950 2724 facile
986 2664 1149 2746 poterimt.
1209 2661 1296 2740 Quae
1332 2661 1456 2747 pariter
1492 2663 1600 2728 omnia
1636 2667 1669 2728 91

332 2763 460 2851 singula
492 2769 678 2849 praesentes
710 2767 928 2832 recensuimus
960 2790 997 2832 ac
1028 2769 1319 2855 pervestigavimus
1348 2769 1521 2836 novissime
1548 2769 1669 2836 Salutis

332 2895 416 2936 anno
435 2871 703 2960 MDOOXXXIX,
728 2874 803 2939 dum
827 2897 886 2960 per
910 2879 1100 2942 autumnum
1124 2877 1162 2941 de
1186 2899 1275 2941 more
1297 2876 1418 2942 'libure
1441 2877 1670 2943 rusticaremur

332 2978 534 3065 vidimusque
562 2979 734 3046 Tiburtino
762 2981 900 3048 Boschio
935 2983 1014 3048 duce
1046 2983 1131 3048 claro
1164 2982 1233 3048 viro
1265 3006 1324 3048 nos
1351 2983 1581 3050 humanissime
1610 3008 1669 3071 per

331 3087 467 3152 fundum
499 3110 590 3153 suum
625 3089 800 3154 deducente
833 3112 869 3154 99
897 3090 1031 3155 docente
1059 3089 1209 3174 antiquas
1237 3089 1492 3174 Vopiscanarum
1520 3090 1669 3157 villarum

333 3193 534 3280 geminarum
575 3195 832 3262 substructiones
874 3196 945 3280 ipso
988 3197 1142 3261 hactenus
1182 3219 1201 3261 a
1241 3195 1337 3261 nobis
1377 3197 1447 3263 loco
1485 3198 1668 3285 significato

333 3304 480 3367 extantes
514 3302 617 3368 adhuc
647 3303 722 3368 hinc
755 3307 851 3388 atque
886 3303 959 3368 binc
988 3301 1112 3369 Aniene
1139 3303 1244 3368 medio
1277 3308 1375 3388 atque
1407 3305 1521 3372 ircscrto
1554 3310 1590 3372 ut
1622 3307 1669 3372 ait

331 3408 454 3473 Statius
491 3379 607 3494 nerirpe
643 3409 897 3476 vastissimorum
929 3409 1089 3475 fornicum
1122 3410 1274 3495 utrinque
1306 3412 1572 3496 respondentium
1604 3413 1668 3480 sibi

333 3515 479 3602 vestigia,
502 3516 663 3581 reticulati
687 3516 770 3582 muri
794 3521 903 3602 partes
927 3518 1076 3604 quodque
1100 3522 1198 3604 caput
1222 3523 1270 3584 est
1294 3519 1403 3603 pontis
1426 3520 1493 3585 sive
1514 3521 1669 3586 transitus

332 3621 374 3686 ed
410 3622 578 3707 utriusque
609 3625 698 3707 ripae
729 3627 910 3690 commercia
940 3646 1006 3690 non
1038 3625 1212 3690 obscurum
1243 3625 1420 3712 residuum,
1457 3626 1513 3693 ubi
1548 3629 1670 3712 pariter

332 3729 551 3794 subterraneis
588 3730 622 3814 in
658 3732 820 3816 specubus
857 3735 925 3796 arte
963 3731 1125 3797 excavatis
1160 3731 1317 3798 latissime
1350 3756 1386 3798 ac
1419 3735 1669 3820 profundissime

334 3837 499 3922 ipsiusque
527 3837 663 3903 Anienis
695 3839 867 3923 capacibus
899 3843 1032 3904 naturae
1064 3839 1154 3904 lusus
1186 3862 1283 3923 quam
1316 3840 1474 3925 plurimos
1505 3865 1542 3907 ac
1569 3843 1668 3909 mirae

332 3943 498 4009 varietatis
531 3945 565 4010 in
595 3945 759 4010 stillicidio
793 3945 914 4012 effectis
942 3945 1053 4031 tophis
1080 3946 1197 4012 crustis
1225 3947 1291 4011 sive
1318 3947 1483 4032 lapidibus
1510 3972 1670 4016 marmora

332 4051 527 4136 pulcerrima
554 4057 587 4117 et
615 4052 852 4138 preciosissima
875 4053 1080 4119 imitantibus
1104 4054 1353 4140 elegantissime,
1376 4077 1507 4140 specum
1531 4057 1669 4143 denique

334 4159 374 4222 ad
396 4181 505 4224 aereas
528 4159 698 4243 palumbes
721 4160 917 4226 minusculas
940 4162 1182 4248 congregandas
1201 4161 1404 4246 excipiendas
1423 4162 1669 4250 nidulantesque

334 4265 617 4351 multiplicandas?

422 4373 498 4439 Men
521 4373 614 4459 siebt,
638 4375 706 4440 dass
729 4376 811 4441 auch
834 4376 905 4442 hier
925 4376 977 4441 dic
996 4375 1260 4462 Anhaltspunlrte
1279 4376 1353 4442 sehr
1372 4377 1586 4444 unbestimmt
1605 4380 1670 4446 und

332 4481 424 4547 nicht
456 4480 538 4546 uber
568 4480 699 4546 Zweifel
732 4483 874 4548 erhaben
906 4483 985 4548 sind.
1035 4483 1096 4549 Die
1130 4481 1428 4571 Ortsbestimmung
1460 4485 1541 4551 vvird
1572 4486 1669 4552 haute

332 4588 415 4654 noch
442 4589 615 4654 erscbwert
638 4589 738 4654 durch
762 4590 823 4655 deu
846 4590 1020 4676 Umstand‚
1048 4591 1118 4656 dass
1140 4590 1196 4654 der
1219 4588 1304 4655 Anio
1328 4589 1372 4654 im
1395 4590 1496 4657 Laufe
1520 4593 1576 4658 der
1599 4593 1670 4659 Zcit

333 4695 402 4760 sein
425 4695 521 4762 Bette
550 4697 731 4777 1911911911,
759 4721 784 4762 r.
798 4697 834 4762 B.
863 4698 945 4764 auch
969 4699 1019 4762 die
1043 4697 1251 4762 Wassertitlle
1276 4696 1368 4762 ihren
1391 4696 1451 4764 Ort
1474 4701 1669 4787 genechselt

333 4801 439 4867 haben
482 4801 672 4890 (3991111111
713 4803 941 4870 Altlatinische
982 4803 1226 4890 Chorographie
1268 4804 1333 4868 und
1370 4803 1669 4894 Srvdtegeschiehte

333 4909 427 4974 Helle
459 4909 544 4974 1852
581 4909 611 4976 S.
637 4911 679 4976 72
716 4911 931 4978 1199999919
968 4917 1095 4998 topogr.
1131 4911 1174 4976 du
1206 4910 1336 4977 Latium
1369 4911 1489 4978 11202
1522 4913 1669 4982 Kauana
