3820 5558
853 471 882 525 P.
901 467 1037 524 PAPINlI
1056 467 1175 522 SPATll

560 634 697 699 uerbera
720 632 872 698 succincti
894 631 1108 698 formidauere
1131 629 1278 716 Luperci.

560 747 594 806 et
616 761 701 806 nunc
723 763 762 805 ex
787 739 843 805 illo
866 740 976 805 forsan
999 761 1098 826 grege
1122 737 1276 825 gentibus
1299 736 1382 801 alter

561 849 631 914 iura
655 848 710 913 dat
732 846 824 933 Eois,
847 846 929 912 alter
952 845 1129 930 compescit
1152 845 1308 930 Hiberos,

560 955 642 1020 alter
664 953 918 1021 Achaemenium
940 952 1078 1019 secludit
1099 951 1275 1040 Zeugmate
1298 951 1433 1030 Persen,

560 1063 595 1127 hi
619 1063 703 1128 dites
724 1061 822 1128 Asiae
845 1060 1001 1149 populos,
1022 1060 1057 1126 hi
1081 1059 1216 1126 Pontica
1239 1059 1380 1144 frenant,

559 1170 595 1235 hi
618 1171 690 1235 fora
712 1168 857 1255 pacificis
878 1167 1050 1234 emendant
1073 1167 1228 1253 fascibus,
1252 1166 1299 1232 illi

562 1282 668 1344 castra
690 1277 746 1362 pia
768 1276 908 1342 statione
931 1279 1056 1340 tenent:
1093 1280 1130 1341 tu
1152 1274 1257 1340 laudis
1281 1273 1381 1361 origo.

560 1408 626 1451 non
650 1384 712 1450 tihi
736 1388 914 1449 certassent
936 1381 1091 1448 iuuenilia
1113 1383 1236 1470 fingere
1259 1380 1355 1447 corda

561 1493 682 1560 Nestor
704 1496 738 1556 et
759 1490 910 1557 indomiti
933 1490 1080 1556 Phoenix
1104 1489 1287 1556 moderator
1309 1487 1429 1553 alumni

562 1600 682 1686 quique
705 1599 802 1664 tubas
825 1620 914 1664 acres
936 1596 1100 1683 lituosque
1123 1597 1234 1664 audire
1257 1597 1420 1663 uolentem

560 1706 723 1773 Aeaciden
745 1705 809 1771 alio
832 1706 1007 1793 frangebat
1029 1705 1170 1772 carmine
1194 1703 1322 1770 Chiron.
1343 1744 1383 1752 -

561 1814 641 1880 talia
663 1814 740 1879 dum
763 1812 920 1898 celebras,
944 1813 1086 1878 suhitam
1110 1812 1216 1879 ciuilis
1237 1813 1357 1897 Erinys

561 1921 699 2006 Tarpeio
724 1920 763 1985 de
786 1924 895 1986 monte
918 1921 1022 1986 facem
1044 1919 1286 2008 Phlegraeaque
1310 1919 1413 1985 mouit

563 2027 695 2113 proelia.
742 2026 908 2114 sacrilegis
931 2026 1040 2092 lucent
1064 2026 1226 2113 Capitolia
1248 2026 1351 2092 taedis

562 2140 596 2200 et
617 2134 780 2201 Senonum
803 2133 904 2199 furias
925 2133 1038 2198 Latiae
1061 2156 1227 2220 sumpsere
1251 2134 1408 2200 cohortes

563 2242 618 2308 uix
642 2241 769 2327 requies
792 2241 939 2306 flammae
962 2241 1098 2307 necdum
1121 2264 1221 2328 rogus
1244 2241 1298 2306 ille
1322 2241 1453 2307 deorum

562 2350 695 2436 siderat,
719 2348 835 2415 excisis
857 2371 930 2415 cum
953 2353 990 2414 tu
1013 2349 1132 2414 solacia
1155 2349 1288 2434 templis

562 2457 702 2544 impiger
724 2461 758 2521 et
780 2456 919 2522 multum
942 2456 1068 2522 facibus
1091 2457 1233 2523 uelocior
1255 2457 1337 2543 ipsis

562 2564 705 2630 concinis
728 2586 782 2629 ore
805 2563 861 2649 pio
885 2564 1079 2649 captiuaque
1102 2564 1239 2630 fulmina
1261 2565 1367 2630 defles,

562 2671 722 2736 mirantur
743 2670 829 2736 Latii
854 2693 1003 2755 proceres
1026 2671 1176 2757 ultorque
1200 2672 1333 2738 deorum

563 2777 679 2843 Caesar
702 2782 735 2843 et
758 2800 776 2842 e
799 2777 905 2843 medio
929 2778 1040 2844 diuum
1064 2783 1157 2864 pater
1180 2780 1294 2845 anuuit
1316 2780 1394 2866 igni.

564 2887 692 2970 iamque
715 2889 748 2950 ct
771 2885 847 2950 flere
872 2886 928 2970 pio
951 2885 1094 2952 Vesuine
1117 2887 1264 2952 incendia
1286 2892 1383 2952 cantu

563 3015 654 3057 mens
677 2997 747 3057 erat
769 2997 803 3057 et
825 2992 984 3079 gemitum
1007 2993 1124 3079 patriis
1146 2993 1332 3078 impendere
1356 2994 1494 3080 damnis,

563 3121 637 3164 eum
660 3104 753 3185 pater
776 3104 965 3185 exemptum
987 3099 1084 3166 terris
1106 3100 1147 3165 ad
1169 3101 1274 3166 sidera
1296 3107 1439 3168 montem

565 3206 699 3271 sustulit
722 3211 755 3271 et
778 3206 844 3271 late
867 3206 1001 3272 miseras
1024 3207 1140 3272 deiecit
1162 3208 1196 3272 in
1219 3210 1325 3275 urbes.
1345 3249 1387 3258 -

564 3335 615 3377 me
639 3336 767 3398 quoque
791 3313 919 3379 uocales
941 3315 1031 3380 lucos
1054 3313 1240 3401 Boeotaque
1263 3321 1372 3402 tempe

564 3420 762 3507 pulsantem,
785 3443 858 3486 cum
882 3421 984 3506 stirpe
1007 3426 1064 3486 tua
1087 3422 1277 3488 descendere
1301 3424 1382 3510 dixi,

565 3527 721 3594 admisere
745 3528 835 3613 deae,
857 3550 917 3594 nec
940 3529 1026 3594 enim
1049 3529 1127 3595 mihi
1152 3529 1257 3596 sidera
1279 3536 1406 3596 tautum

565 3657 769 3720 aequoraque
793 3639 826 3700 et
848 3641 965 3723 terras,
989 3658 1071 3720 quae
1094 3659 1164 3703 mos
1187 3638 1304 3705 debere
1327 3639 1469 3724 parenti,

567 3741 623 3807 sed
642 3741 737 3808 decus
755 3741 817 3808 hoc
836 3743 1059 3829 quodcumque
1077 3743 1166 3829 lyrae
1185 3746 1373 3832 primusque
1392 3746 1509 3812 dedisti

356 3897 568 3905 --.--—-.·

445 3995 495 4043 186
517 3989 644 4058 hiberam
668 3997 774 4046 coras
803 4023 836 4032 —
866 3996 916 4046 187
936 3995 1076 4061 reumate3
1095 4010 1197 4050 corae
1225 4027 1259 4035 -
1290 4000 1339 4049 197
1363 3995 1470 4064 rhedis3
1494 4001 1625 4050 1111191
1652 4027 1686 4036 -

357 4085 406 4132 199
430 4079 561 4147 duorum,
585 4097 653 4135 corr.
672 4086 715 4133 Ro
743 4113 776 4121 -
806 4086 856 4135 207
876 4083 984 4151 monte3
1003 4099 1101 4138 eom-‚o
1129 4115 1163 4125 -
1192 4090 1244 4138 299
1267 4083 1347 4139 lucta
1364 4085 1401 4138 Δ*
1429 4085 1563 4154 biotaque
1581 4091 1609 4139 1
1638 4083 1686 4156 hio

354 4167 528 4236 luotaque!
560 4168 694 4240 biotaquc
722 4187 790 4226 corr.
813 4189 847 4226 er:
869 4170 1045 4240 luocaquel
1078 4173 1211 4244 inotaque
1234 4180 1257 4228 11
1289 4175 1493 4244 luctataqueo
1525 4175 1687 4245 Boeotaque

355 4257 542 4313 Baccanae
569 4289 603 4298 —
631 4265 732 4329 211sq.
764 4277 816 4315 nec
844 4260 919 4315 enim
946 4261 1016 4315 mihi
1045 4261 1139 4318 sidera
1165 4267 1238 4320 tanti
1261 4281 1286 4322 a.
1306 4282 1329 4320 e.
1349 4267 1369 4320 t.
1393 4283 1478 4334 quam
1506 4281 1556 4321 uos
1584 4264 1687 4320 debere

354 4345 478 4416 parenti3
497 4349 528 4401 tu
549 4347 737 4406 Marklaodus
755 4381 789 4390 -
808 4355 860 4404 212
879 4367 964 4419 quam
982 4368 1034 4407 uos
1052 4353 1168 4422 deber03
1187 4371 1255 4410 corr.
1272 4355 1416 4411 Krohaius
1433 4385 1468 4397 -·

355 4485 398 4492 .-
415 4487 514 4492 ......-...

446 4583 497 4634 187
516 4577 612 4636 Sidon.
627 4579 656 4637 C.
671 4581 697 4636 11
710 4587 743 4635 61
762 4581 968 4639 Achaemenius
980 4627 987 4640 .
998 4629 1004 4642 .
1016 4630 1022 4641 .
1032 4584 1118 4641 Persa
1133 4617 1166 4626 -
1188 4592 1238 4640 192
1257 4587 1292 4656 es.
1307 4587 1333 4640 II
1349 4595 1372 4644 1.
1383 4591 1417 4642 88
1426 4585 1453 4643 ff.
1469 4619 1503 4629 -
1520 4594 1569 4644 luo
1584 4587 1687 4646 Lucan.

356 4667 394 4721 IV
410 4673 459 4722 187
489 4668 581 4724 ciuilis
604 4669 704 4742 Erinys
727 4671 1001 4740 91111911111921
1030 4707 1064 4716 -
1093 4680 1144 4729 199
1173 4675 1353 4732 Silu.11.ca
1381 4675 1459 4731 bella
1476 4678 1551 4733 louis
1569 4685 1625 4734 oct.
1653 4709 1688 4718 —

356 4755 444 4814 Theb.
458 4757 523 4811 lvo
541 4757 656 4814 rutilam
671 4759 706 4814 de
720 4761 826 4816 uertice
844 4761 977 4818 Larisaeo
996 4764 1121 4820 ostendit
1137 4764 1253 4820 Bellona
1268 4765 1359 4820 lacem
1375 4799 1408 4807 —
1425 4772 1474 4822 197
1490 4767 1687 4825 99117191

356 4845 496 4916 sacrilega
518 4847 579 4904 face
607 4879 641 4889 —-
670 4855 721 4904 207
730 4867 770 4920 sq.
794 4851 977 4907 111111Π257
1005 4871 1133 4909 euersum
1157 4854 1231 4909 ludit
1255 4871 1338 4926 super
1365 4858 1481 4926 agmina
1502 4863 1626 4912 montem
1654 4889 1688 4898 -

356 4939 409 4988 209
428 4936 496 4991 Ach.
511 4936 524 4989 1
539 4943 573 4990 19
596 4936 717 4992 Aonium
736 4956 834 4994 nemus
854 4941 965 4996 aduena
983 4943 1064 5013 pulso
1083 4977 1117 4986 -
