3814 5552
845 439 875 494 P.
895 437 1032 493 PAPlNIl
1050 437 1170 493 STA'l'Il

891 1373 1054 1446 LIBER
1085 1372 1137 1445 IV

694 1548 839 1598 STATIVS
864 1546 1053 1596 MARCELLO
1077 1546 1143 1596 SVO
1167 1547 1331 1596 SALVTEM

408 1646 527 1744 Inueni
558 1673 694 1759 irarum,
725 1673 876 1739 uerene
904 1672 1079 1756 aeeime,
1113 1693 1208 1756 quem
1241 1671 1357 1757 paee
1385 1675 1460 1737 tuae
1492 1671 1679 1738 dedicarem.

350 1803 422 1848 reor
445 1780 595 1866 equidem
614 1781 710 1846 aliter
732 1803 828 1865 quam
851 1780 1002 1846 inuocato
1025 1778 1157 1845 numine
1175 1777 1308 1844 maximi
1332 1777 1537 1863 imperatoria
1555 1776 1681 1842 nullum

346 1889 538 1974 opusculum
556 1910 664 1954 meum
687 1887 846 1974 coepisse,
869 1887 925 1951 sed
943 1887 1006 1952 hic
1018 1885 1104 1951 liber
1121 1889 1188 1951 tres
1206 1885 1307 1950 habet
1329 1933 1678 1950 ............
1716 1901 1732 1950 5

348 2018 382 2061 ae
397 2018 494 2081 quam
509 1995 595 2080 quod
609 1998 724 2079 quarta
742 1994 782 2059 ad
796 1994 952 2060 honorem
972 1997 1064 2058 tuum
1078 1993 1229 2078 pertinet
1266 1991 1372 2077 primo
1390 1997 1499 2058 autem
1519 1991 1568 2078 [1]
1584 1990 1681 2076 septi-

348 2124 437 2167 mum
451 2102 610 2167 decimum
625 2101 804 2167 Germanici
823 2100 926 2165 nostri
945 2100 1148 2166 consulatum
1166 2100 1311 2184 adoran,
1330 2099 1468 2166 secundo
1487 2098 1610 2186 gratias
1628 2097 1681 2184 egi

348 2208 572 2274 sacratissimis
582 2208 650 2273 eius
660 2208 711 2294 [2]
722 2207 826 2293 epulis
842 2207 1028 2292 honoratus,
1042 2206 1139 2272 tertio
1151 2207 1201 2292 [3]
1216 2207 1303 2272 uiam
1312 2207 1532 2273 Domitianam
1545 2206 1682 2270 miratus

346 2338 431 2402 sum,
463 2337 526 2400 qua
548 2315 773 2402 grauissimam
799 2314 992 2380 harenarum
1014 2336 1137 2379 moram
1165 2314 1293 2380 exemit.
1343 2315 1434 2380 cuius
1461 2313 1617 2379 beneficio
1645 2315 1682 2376 tu

350 2445 478 2510 quoque
497 2423 656 2487 maturius
675 2422 725 2507 [4]
745 2421 917 2507 epistolam
935 2443 1040 2486 meam
1059 2420 1207 2509 accipies,
1226 2443 1322 2507 quam
1341 2422 1403 2486 tibi
1423 2420 1457 2486 in
1475 2420 1537 2487 hoo
1559 2420 1644 2486 libro
1663 2441 1683 2482 a
1702 2437 1735 2486 ιο

348 2530 486 2616 Neapoli
501 2528 615 2595 scribo.
645 2529 829 2614 proximum
839 2533 889 2594 est
905 2528 955 2614 [5]
964 2529 1100 2614 lyricum
1118 2551 1246 2594 carmen
1260 2530 1301 2593 ad
1315 2529 1510 2614 Septimium
1520 2528 1683 2614 Seuerum,

349 2638 512 2722 iuuenem,
540 2637 588 2701 uti
611 2637 687 2722 scis,
715 2635 800 2701 inter
823 2636 1046 2701 amatissimos
1070 2636 1199 2702 secundi
1224 2636 1357 2722 ordinis,
1381 2641 1473 2702 tuum
1497 2636 1626 2722 quidem
1651 2640 1683 2701 et

349 2744 620 2830 condiscipulum,
649 2742 705 2808 sed
728 2743 809 2809 mihi
835 2743 916 2809 citra
944 2743 1005 2809 hoc
1033 2765 1162 2829 quoque
1189 2745 1239 2809 ius
1263 2729 1422 2810 artissime
1446 2765 1563 2810 aarum.
1608 2766 1684 2808 narn

349 2851 495 2918 Vindicis
514 2851 616 2916 nostri
636 2850 686 2936 [6]
711 2850 883 2916 Herculem
897 2849 1134 2938 ‘Epitrapezion
1153 2850 1328 2918 secundum
1346 2852 1511 2938 honorem,
1531 2872 1625 2936 quem
1645 2850 1684 2915 de

347 2982 398 3024 me
418 2958 508 3024 etde
528 2958 608 3043 ipsis
631 2957 748 3023 studiis
765 2961 919 3044 meretur,
943 2957 1105 3043 imputare
1128 2959 1226 3024 etiam
1244 2959 1307 3025 tibi
1326 2981 1467 3044 possum.
1503 2957 1683 3024 Maximum
1702 2975 1736 3022 15

349 3065 484 3132 Vibium
507 3070 540 3131 et
563 3063 733 3152 dignitatis
761 3068 794 3129 et
825 3065 1027 3150 eloquentiae
1049 3065 1179 3130 nomine
1203 3089 1222 3131 a
1248 3065 1346 3132 nobis
1373 3065 1467 3153 diligi
1496 3064 1574 3130 satis
1598 3087 1685 3130 eram

353 3177 490 3239 testatus
509 3171 659 3259 epistola,
682 3193 778 3256 quam
802 3171 842 3236 ad
865 3171 957 3236 illum
977 3171 1015 3237 de
1034 3171 1175 3238 editione
1194 3172 1377 3238 Thebaidos
1399 3195 1488 3238 meae
1511 3171 1685 3258 publicani,

348 3280 404 3346 sed
422 3303 507 3346 nunc
526 3300 654 3364 quoque
675 3278 724 3364 [7]
744 3300 819 3344 eum
837 3279 956 3343 reuerti
979 3278 1137 3344 maturius
1156 3301 1195 3344 ex
1210 3279 1373 3344 Dalmatia
1391 3302 1481 3367 rogo.
1513 3279 1622 3345 iuncta
1637 3283 1685 3345 est

350 3387 400 3474 [8]
414 3387 526 3474 ecloga
540 3385 579 3450 ad
593 3384 790 3470 municipem
810 3407 918 3450 meum
935 3383 1053 3450 lulium
1067 3385 1292 3472 Menecratem,
1311 3387 1516 3473 splendidum
1535 3387 1685 3453 iuuenem

352 3499 385 3560 et
407 3493 504 3561 Pollii
531 3491 596 3557 mei
623 3513 790 3578 generum,
818 3492 868 3557 cui
896 3492 1043 3579 gratulor
1066 3492 1151 3577 quod
1179 3493 1352 3578 Neapolim
1378 3499 1523 3561 nostram
1549 3515 1684 3559 numero
1704 3509 1739 3559 ao

351 3602 529 3667 liberorum
551 3599 781 3665 honestauerit.
826 3599 934 3665 Plotio
958 3598 1083 3684 Grypo,
1110 3599 1241 3665 maioris
1263 3601 1383 3688 gradus
1405 3602 1529 3686 iuueni,
1557 3601 1686 3689 dignius

355 3707 549 3793 opusculum
568 3705 710 3791 reddam,
734 3706 790 3772 sed
809 3707 939 3772 interim
963 3706 1013 3792 [9]
1037 3705 1336 3794 hendecasyllabos,
1360 3731 1441 3794 quos
1459 3709 1686 3776 Saturnalibus

355 3837 419 3880 una
442 3813 587 3898 risimus,
609 3813 685 3878 huic
708 3813 865 3878 uolumini
889 3813 1018 3878 inserui.

439 3942 537 4006 quare
565 3942 644 4007 ergo
674 3920 769 4005 plura
796 3920 830 3984 in
857 3924 974 4005 quarto
1003 3919 1155 3986 siluarum
1181 3945 1278 4007 quam
1301 3923 1335 3988 in
1359 3924 1547 4009 prioribus?
1583 3947 1624 3990 ne
1652 3945 1685 3989 se

350 4031 466 4113 putent
494 4026 618 4112 aliquid
645 4027 762 4115 egisse,
795 4027 850 4113 qui
879 4027 1167 4115 reprehendenmt,
1199 4034 1236 4094 ut
1263 4030 1372 4116 audio,
1405 4031 1491 4117 quod
1523 4031 1585 4097 hoc
1617 4030 1685 4097 stili
1704 4047 1738 4096 aa

389 4183 495 4190 ..η-..ῳ-
513 4185 519 4189 -
535 4185 553 4190 -

438 4273 686 4345 &coemptionem
705 4281 821 4332 ustam
839 4275 876 4328 A·
903 4307 935 4316 -
965 4278 1052 4344 taio,
1071 4277 1174 4332 lucram
1192 4285 1283 4334 tamen
1300 4297 1357 4334 aon
1374 4280 1514 4348 imeae,
1531 4280 1630 4335 tabent
1648 4278 1685 4332 Δ*

349 4365 464 4434 (tacente
482 4363 624 4419 Petiliam
646 4381 703 4419 uon
726 4371 816 4420 tamen
834 4371 872 4420 eat
895 4365 1010 4420 dubium
1029 4369 1098 4437 guia
1122 4383 1177 4441 quc
1195 4368 1313 4435 desuerit
1335 4371 1367 4423 ἐκ
1384 4371 1443 4425 cod.
1462 4369 1572 4441 Poppia)
1594 4367 1687 4422 111¹

349 4455 406 4507 tres
428 4451 515 4507 habet
536 4451 663 4521 sequitur
681 4455 783 4521 quarta
800 4469 873 4522 quae
897 4453 934 4508 ad
953 4454 980 4508 h.
999 4455 1020 4508 t,
1038 4473 1066 4525 p.
1086 4461 1148 4508 eae
1171 4459 1228 4510 tres
1247 4456 1335 4512 habet
1355 4457 1411 4511 nisi
1429 4457 1506 4526 quod
1529 4461 1631 4528 quarta
1650 4457 1688 4512 ad

349 4543 376 4598 h.
397 4545 415 4598 t.
435 4561 462 4613 p.
481 4541 558 4610 ¹¹33
589 4543 686 4614 cuppla
703 4560 745 4598 aa.
768 4561 808 4614 pr.
834 4541 883 4598 sed
906 4541 952 4598 hic
975 4541 1048 4599 liber
1074 4547 1132 4600 tres
1155 4544 1243 4600 habet
1269 4545 1394 4618 [libellos
1418 4547 1447 4602 in
1466 4547 1600 4604 honorem
1617 4545 1686 4603 eiua.

352 4636 413 4686 tum
439 4631 551 4686 demum
579 4633 711 4686 secuntur
738 4630 853 4703 eclogae
872 4631 909 4686 ad
937 4633 1056 4702 amicam
1084 4633 1164 4688 uides
1192 4633 1281 4705 igitur
1303 4637 1331 4690 te
1355 4635 1446 4708 magis
1475 4636 1607 4692 honorari
1631 4653 1688 4692 non

350 4719 488 4792 potuis]se
507 4737 592 4790 quam
612 4721 688 4790 quod
706 4725 809 4789 quarta
827 4721 864 4776 ad
883 4721 1017 4777 honorem
1030 4724 1111 4777 tunm
1125 4723 1250 4794 pertinet
1273 4755 1306 4764 -
1335 4729 1351 4779 8
1370 4725 1430 4780 eine
1450 4726 1577 4798 epistolis
1596 4727 1688 4797 (ἕης

350 4817 451 4866 corne
480 4841 514 4850 -
544 4815 577 4864 10
605 4827 669 4864 eam
696 4809 817 4880 accipies
846 4811 1033 4867 Marklaedaa
1061 4843 1093 4852 -
1124 4819 1156 4866 13
1185 4815 1284 4868 contra
1311 4813 1377 4884 boo;
1409 4832 1479 4872 corr.
1504 4816 1623 4872 Noblr'us
1654 4845 1689 4856 -

351 4905 386 4952 16
404 4897 513 4953 uiuium
532 4901 626 4968 (etiam
643 4903 689 4970 Δ);
721 4899 854 4955 iuuenem
872 4900 936 4954 Μ
955 4933 988 4941 -
