3820 5558
735 204 749 239 Ι

723 463 908 520 SlLVARVM
927 463 991 517 ivr
1010 463 1075 519 lvs
1128 415 1130 420 Α

895 736 915 800 8

510 843 625 946 Pande
644 878 729 944 fores
748 897 902 962 superum
920 877 1103 964 uittataque
1124 876 1247 963 templa
1265 877 1399 967 Sabaeis

448 986 592 1053 nubibus
615 989 649 1052 et
672 984 831 1071 pecudum
854 985 946 1051 fibris
970 985 1173 1071 spirantibus
1196 985 1310 1072 imple,

449 1095 668 1179 Parthenope!
705 1091 782 1158 clari
806 1114 909 1180 genus
933 1115 1005 1159 ecoe
1027 1092 1221 1158 Menecratis
1243 1098 1342 1180 suget

449 1201 545 1269 tertia
563 1201 627 1268 ism
646 1200 789 1267 suboles:
827 1222 998 1286 procerum
1020 1199 1082 1266 tibi
1101 1199 1212 1266 nobile
1231 1201 1349 1289 uulgus

447 1309 562 1376 crescit
585 1313 618 1374 et
640 1309 745 1374 insani
769 1307 892 1374 solatur
915 1309 1031 1373 damna
1053 1307 1183 1374 Veseui.

447 1440 508 1484 uec
531 1417 635 1484 solum
657 1417 758 1483 festas
782 1419 905 1481 secreta
926 1413 1084 1500 Neapolis
1107 1437 1178 1480 ares

448 1525 584 1592 ambiat:
620 1527 653 1590 et
676 1523 756 1589 socii
779 1527 895 1608 portus
918 1521 1098 1609 dilectaque
1122 1521 1195 1588 miti

447 1639 533 1699 terra
555 1631 732 1698 Dicarcheo
755 1652 902 1696 necnon
925 1629 1024 1718 plaga
1047 1652 1120 1696 cara
1143 1630 1284 1696 madenti

446 1739 636 1808 Surrentina
658 1738 717 1804 deo
742 1738 837 1804 sertis
860 1737 975 1804 altaria
998 1738 1122 1826 cingat,

447 1847 584 1913 materni
608 1869 672 1933 qua
694 1846 773 1912 litus
797 1845 863 1931 aui,
887 1867 983 1931 quem
1007 1844 1105 1911 turba
1126 1849 1284 1930 nepotum

447 1955 562 2021 circuit
585 1959 618 2020 et
641 1953 762 2020 similes
786 1952 953 2020 contendit
974 1952 1106 2020 reddere
1130 1953 1248 2020 uultus.

446 2062 585 2150 gaudeat
608 2065 641 2126 et
663 2060 789 2146 Libyca
811 2059 993 2148 praesignis
1016 2059 1194 2126 auunculus
1216 2060 1311 2126 hasta

446 2191 591 2254 quaeque
615 2169 679 2235 sibi
702 2167 833 2256 genitos
855 2171 951 2252 putat
973 2167 1160 2252 attollitque
1184 2166 1326 2254 benigno

445 2277 537 2343 Polla
560 2277 642 2342 sinu.
664 2313 701 2324 —
723 2279 842 2361 macte,
865 2298 884 2341 o
908 2275 1048 2359 iuuenis,
1072 2275 1127 2360 qui
1151 2279 1243 2340 tanta
1266 2274 1403 2340 merenti

340 2395 342 2400 ’
444 2385 567 2450 lumina
590 2384 646 2449 das
670 2383 808 2468 patriae!
844 2381 946 2448 dulcis
970 2382 1081 2450 tremit
1104 2405 1175 2448 ecoe
1199 2381 1373 2467 tumultus,

445 2497 496 2558 tot
519 2491 657 2557 dominis
680 2475 818 2555 clamata
842 2489 963 2555 domus.
1009 2489 1124 2575 procul
1147 2493 1218 2556 atra
1240 2489 1368 2555 recedet

443 2598 570 2664 inuidia
592 2603 690 2683 atque
713 2597 778 2662 alio
800 2596 937 2662 liuentia
959 2601 1092 2682 pectora
1114 2597 1237 2662 flectat:

444 2707 496 2771 his
520 2705 645 2771 senium
667 2705 848 2792 longaeque
872 2705 968 2769 docus
992 2704 1124 2770 uirtutis
1148 2707 1181 2769 et
1203 2703 1279 2769 alba

443 2801 589 2898 Atropos
612 2817 645 2878 et
668 2811 795 2898 patrius
816 2811 925 2876 lauros
948 2811 1100 2896 promisit
1122 2810 1251 2896 Apollo.

445 2944 522 3010 ergo
546 2919 633 3006 quod
655 2919 818 2985 Ausoniae
843 2923 936 3004 pater
959 2918 1208 3006 augustissimus
1231 2917 1332 2983 Vrbis

444 3028 494 3094 ius
517 3027 580 3093 tibi
603 3026 802 3113 tergeminae
826 3025 957 3091 dederat
979 3025 1132 3090 laetabile
1155 3025 1269 3110 prolis,

445 3157 539 3199 omen
563 3139 640 3199 erat.
686 3133 777 3199 uenit
799 3133 921 3198 totiens
943 3133 1066 3198 Lucina
1088 3133 1244 3218 piumque

444 3240 581 3307 intrauit
603 3240 744 3326 repetita
765 3240 874 3306 larem.
920 3239 967 3305 sic
990 3239 1120 3326 fertilis,
1143 3262 1214 3326 oro,

443 3353 508 3416 stet
531 3348 646 3414 domus
669 3353 702 3413 et
725 3347 818 3413 donis
840 3370 1019 3432 numquam
1041 3350 1167 3413 mutata
1189 3348 1330 3414 sacratis.

443 3460 547 3522 macte
571 3455 658 3540 quod
681 3459 716 3521 et
737 3455 846 3540 proles
869 3455 932 3520 tibi
955 3454 1085 3540 saepius
1108 3458 1203 3520 sucta
1228 3455 1315 3521 uirili

442 3563 572 3648 robore,
595 3562 651 3628 sed
674 3562 784 3628 iuueni
807 3562 957 3628 laetanda
979 3566 1013 3628 et
1035 3561 1129 3649 uirgo
1153 3562 1282 3648 parenti

443 3671 566 3759 (aptior
588 3670 640 3736 his
663 3670 781 3757 uirtus,
804 3669 900 3736 citius
923 3668 1015 3735 dabit
1037 3667 1094 3734 illa
1115 3667 1280 3758 nepotes):

443 3777 547 3864 qualis
570 3776 724 3845 maternis
747 3776 870 3842 Helene
893 3777 958 3844 iam
981 3775 1079 3864 digna
1102 3776 1272 3862 palaestris

320 4015 335 4062 2
364 4007 564 4064 Gratulatio
592 4006 634 4063 ad
661 4007 787 4064 Iulium
815 4009 1034 4064 Menecraten
1062 4039 1096 4050 —-
1124 4006 1348 4074 3Menecrates3
1377 4023 1446 4062 corr.
1465 4025 1502 4060 ec
1531 4039 1564 4048 -

230 4105 246 4153 8
269 4097 403 4154 dicaohon
418 4097 682 4170 (dicarehei.uBs);
700 4113 770 4154 corr.
785 4097 971 4154 Baehrensius
997 4095 1116 4166 mitis(e)
1188 4095 1360 4151 Dicarcheae
1379 4096 1566 4152 Marklandas

228 4221 265 4229 -
284 4193 316 4242 11
341 4186 484 4243 simili
500 4185 582 4242 uultu
600 4187 736 4244 Heinsius
754 4219 787 4228 a
808 4193 841 4242 15
866 4185 942 4242 dulci
965 4189 999 4242 tr.
1020 4186 1126 4256 (fremit
1144 4187 1289 4256 Haase)
1309 4201 1331 4240 o.
1355 4185 1479 4240 tumultu
1498 4203 1512 4239 o
1531 4217 1564 4226 —

230 4283 263 4332 19
286 4277 366 4333 lauro
385 4278 478 4347 (aiem
496 4277 557 4348 A⁸);
580 4277 674 4332 lauros
695 4284 736 4332 ςι
755 4308 789 4318 -
808 4283 842 4332 24
866 4277 975 4332 nudata
989 4276 1178 4332 Mertluedus
1196 4308 1231 4317 —
1249 4281 1283 4330 26
1302 4274 1390 4331 letam
1409 4275 1472 4344 dst;
1495 4291 1564 4330 corr.

233 4366 349 4424 Vollmer
366 4365 539 4437 (laetandast
556 4367 752 4436 Baehrensias)
780 4381 859 4437 spem
877 4365 896 4421 i.
914 4365 1022 4420 laetam
1040 4364 1091 4421 dat
1108 4365 1241 4422 Hortalus
1260 4397 1292 4406 -

320 4587 380 4636 31
410 4581 478 4636 suu.
498 4581 555 4638 12.
578 4587 609 4636 17
637 4581 731 4652 pande
754 4580 828 4636 fores
857 4613 891 4622 —
920 4587 936 4636 2
959 4580 1043 4651 Vorg.
1062 4581 1095 4636 A.
1110 4579 1148 4636 IV
1163 4585 1198 4635 64
1216 4578 1356 4651 spirantis
1375 4623 1381 4634 .
1402 4623 1409 4636 .
1429 4622 1435 4636 .
1454 4579 1521 4634 exta
1539 4585 1565 4635 et

228 4673 338 4743 saepius
360 4703 396 4713 —
420 4677 437 4726 4
464 4671 568 4726 Lucan.
586 4671 678 4726 11331
702 4669 788 4726 tertia
810 4669 868 4725 iam
892 4669 1004 4726 suboles
1027 4703 1060 4712 -
1087 4675 1119 4724 13
1143 4669 1211 4726 Silu.
1226 4669 1251 4724 V
1265 4675 1290 4724 2.
1301 4675 1334 4724 27
1358 4669 1485 4740 genitum
1509 4667 1565 4723 sibi

228 4759 313 4816 Curia
331 4759 420 4816 senat
437 4763 472 4829 cf.
491 4760 518 4814 11
534 4767 557 4816 1.
568 4765 601 4814 81
621 4792 656 4804 -
676 4766 710 4815 18
728 4760 832 4817 Lucan.
847 4759 873 4814 11
887 4766 940 4815 258
958 4759 1061 4831 longae
1075 4759 1196 4830 pretium
1214 4757 1329 4814 uirtutis
1348 4790 1382 4800 —
1402 4763 1435 4812 19
1453 4757 1519 4813 Hor.
1535 4757 1563 4814 C.

228 4849 276 4906 1⁷.
285 4855 319 4905 28
334 4852 427 4905 certus
441 4849 516 4905 enim
530 4849 660 4920 promisit
669 4849 771 4921 Apollo
781 4883 816 4892 -
825 4857 859 4904 22
875 4849 942 4905 Siln.
953 4849 992 4904 111
1003 4855 1027 4904 3.
1038 4855 1088 4904 122
1102 4847 1146 4904 bis
1161 4849 1198 4904 ad
1212 4850 1310 4920 partus
1324 4846 1518 4903 uenitLucius
1529 4881 1563 4891 -

229 4945 263 4994 23
282 4937 482 4996 silavrrss
502 4939 635 5011 piumque
653 4938 774 4994 intrauit
791 4937 835 4994 uie
854 4956 939 5001 saeva
957 4938 1046 4994 larem
1064 4971 1099 4984 -
1117 4944 1152 4994 28
1171 4939 1205 5006 es.
1220 4937 1512 5010 Prop.11114.17sqq.
1528 4969 1564 4984 -·
