<?xml version="1.0" encoding="UTF-8"?>
<!DOCTYPE html PUBLIC "-//W3C//DTD XHTML 1.0 Transitional//EN"
    "http://www.w3.org/TR/xhtml1/DTD/xhtml1-transitional.dtd">
<html xmlns="http://www.w3.org/1999/xhtml" xml:lang="en" lang="en">
 <head>
  <title>
</title>
<meta http-equiv="Content-Type" content="text/html;charset=utf-8" />
  <meta name='ocr-system' content='tesseract 3.04.00' />
  <meta name='ocr-capabilities' content='ocr_page ocr_carea ocr_par ocr_line ocrx_word'/>
</head>
<body>
  <div class='ocr_page' id='page_1' title='image "./silvarvmlibri00buecgoog_0205.png"; bbox 0 0 3820 5558; ppageno 0'>
   <div class='ocr_carea' id='block_1_1' title="bbox 817 447 1140 504">
    <p class='ocr_par' dir='ltr' id='par_1_1' title="bbox 817 447 1140 504">
     <span class='ocr_line' id='line_1_1' title="bbox 817 447 1140 504; baseline -0.003 -1"><span class='ocrx_word' id='word_1_1' title='bbox 817 448 847 503; x_wconf 91' lang='lat' dir='ltr'>P.</span> <span class='ocrx_word' id='word_1_2' title='bbox 867 447 1003 504; x_wconf 84' lang='lat' dir='ltr'>PAPINII</span> <span class='ocrx_word' id='word_1_3' title='bbox 1022 447 1140 504; x_wconf 81' lang='lat' dir='ltr'>STATII</span> 
     </span>
    </p>
   </div>
   <div class='ocr_carea' id='block_1_2' title="bbox 465 611 1496 4028">
    <p class='ocr_par' dir='ltr' id='par_1_2' title="bbox 526 611 1319 700">
     <span class='ocr_line' id='line_1_2' title="bbox 526 611 1319 700; baseline 0.005 -25"><span class='ocrx_word' id='word_1_4' title='bbox 526 611 663 699; x_wconf 78' lang='lat' dir='ltr'><strong>agmine.</strong></span> <span class='ocrx_word' id='word_1_5' title='bbox 709 611 858 678; x_wconf 80' lang='lat' dir='ltr'>Romulei</span> <span class='ocrx_word' id='word_1_6' title='bbox 883 611 988 697; x_wconf 89' lang='lat' dir='ltr'>qualis</span> <span class='ocrx_word' id='word_1_7' title='bbox 1011 635 1070 698; x_wconf 89' lang='lat' dir='ltr'>per</span> <span class='ocrx_word' id='word_1_8' title='bbox 1093 611 1205 700; x_wconf 88' lang='lat' dir='ltr'>iugera</span> <span class='ocrx_word' id='word_1_9' title='bbox 1228 613 1319 700; x_wconf 81' lang='lat' dir='ltr'>circi,</span> 
     </span>
    </p>

    <p class='ocr_par' dir='ltr' id='par_1_3' title="bbox 465 718 1496 4028">
     <span class='ocr_line' id='line_1_3' title="bbox 465 718 1315 807; baseline 0.002 -23"><span class='ocrx_word' id='word_1_10' title='bbox 465 757 473 769; x_wconf 92' lang='lat'><strong>·</strong></span> <span class='ocrx_word' id='word_1_11' title='bbox 526 740 598 784; x_wconf 92' lang='lat' dir='ltr'>cum</span> <span class='ocrx_word' id='word_1_12' title='bbox 622 718 758 803; x_wconf 82' lang='lat' dir='ltr'>pulcher</span> <span class='ocrx_word' id='word_1_13' title='bbox 781 718 868 804; x_wconf 84' lang='lat' dir='ltr'>uisu,</span> <span class='ocrx_word' id='word_1_14' title='bbox 890 718 995 785; x_wconf 88' lang='lat' dir='ltr'>titulis</span> <span class='ocrx_word' id='word_1_15' title='bbox 1018 741 1194 807; x_wconf 88' lang='lat' dir='ltr'>generosus</span> <span class='ocrx_word' id='word_1_16' title='bbox 1217 720 1315 786; x_wconf 88' lang='lat' dir='ltr'>auitis</span> 
     </span>
     <span class='ocr_line' id='line_1_4' title="bbox 528 826 1349 917; baseline 0.002 -25"><span class='ocrx_word' id='word_1_17' title='bbox 528 829 720 912; x_wconf 84' lang='lat' dir='ltr'>expectatur</span> <span class='ocrx_word' id='word_1_18' title='bbox 742 848 857 913; x_wconf 88' lang='lat' dir='ltr'>equus,</span> <span class='ocrx_word' id='word_1_19' title='bbox 880 826 971 893; x_wconf 91' lang='lat' dir='ltr'>cuius</span> <span class='ocrx_word' id='word_1_20' title='bbox 995 827 1034 892; x_wconf 92' lang='lat' dir='ltr'>de</span> <span class='ocrx_word' id='word_1_21' title='bbox 1056 831 1227 894; x_wconf 89' lang='lat' dir='ltr'>stemmate</span> <span class='ocrx_word' id='word_1_22' title='bbox 1250 829 1349 917; x_wconf 89' lang='lat' dir='ltr'>longo</span> 
     </span>
     <span class='ocr_line' id='line_1_5' title="bbox 528 933 1376 1023; baseline 0.006 -25"><span class='ocrx_word' id='word_1_23' title='bbox 528 933 607 999; x_wconf 82' lang='lat' dir='ltr'>felix</span> <span class='ocrx_word' id='word_1_24' title='bbox 631 933 804 1000; x_wconf 87' lang='lat' dir='ltr'>demeritos</span> <span class='ocrx_word' id='word_1_25' title='bbox 826 934 927 1000; x_wconf 88' lang='lat' dir='ltr'>habet</span> <span class='ocrx_word' id='word_1_26' title='bbox 951 933 1129 1002; x_wconf 88' lang='lat' dir='ltr'>admissura</span> <span class='ocrx_word' id='word_1_27' title='bbox 1151 941 1315 1023; x_wconf 87' lang='lat' dir='ltr'>parentes,</span> <span class='ocrx_word' id='word_1_28' title='bbox 1334 974 1376 985; x_wconf 90' lang='lat'><em>-</em></span> 
     </span>
     <span class='ocr_line' id='line_1_6' title="bbox 528 1040 1437 1130; baseline 0.002 -24"><span class='ocrx_word' id='word_1_29' title='bbox 528 1040 620 1106; x_wconf 88' lang='lat' dir='ltr'>illum</span> <span class='ocrx_word' id='word_1_30' title='bbox 639 1063 750 1106; x_wconf 91' lang='lat' dir='ltr'>omnes</span> <span class='ocrx_word' id='word_1_31' title='bbox 769 1045 888 1107; x_wconf 90' lang='lat' dir='ltr'>acuunt</span> <span class='ocrx_word' id='word_1_32' title='bbox 906 1042 1054 1130; x_wconf 76' lang='lat' dir='ltr'>plausus,</span> <span class='ocrx_word' id='word_1_33' title='bbox 1073 1041 1164 1108; x_wconf 91' lang='lat' dir='ltr'>illum</span> <span class='ocrx_word' id='word_1_34' title='bbox 1183 1042 1254 1128; x_wconf 87' lang='lat' dir='ltr'>ipse</span> <span class='ocrx_word' id='word_1_35' title='bbox 1273 1043 1437 1108; x_wconf 85' lang='lat' dir='ltr'>uolantem</span> 
     </span>
     <span class='ocr_line' id='line_1_7' title="bbox 528 1147 1369 1237; baseline 0.002 -23"><span class='ocrx_word' id='word_1_36' title='bbox 528 1147 637 1234; x_wconf 90' lang='lat' dir='ltr'>puluis</span> <span class='ocrx_word' id='word_1_37' title='bbox 660 1153 694 1214; x_wconf 90' lang='lat' dir='ltr'>et</span> <span class='ocrx_word' id='word_1_38' title='bbox 716 1148 867 1214; x_wconf 91' lang='lat' dir='ltr'>incuruae</span> <span class='ocrx_word' id='word_1_39' title='bbox 890 1149 1033 1236; x_wconf 76' lang='lat' dir='ltr'>gaudent</span> <span class='ocrx_word' id='word_1_40' title='bbox 1055 1171 1229 1237; x_wconf 82' lang='lat' dir='ltr'>agnoscere</span> <span class='ocrx_word' id='word_1_41' title='bbox 1252 1154 1369 1216; x_wconf 87' lang='lat' dir='ltr'>metae:</span> 
     </span>
     <span class='ocr_line' id='line_1_8' title="bbox 528 1255 1369 1343; baseline 0.002 -23"><span class='ocrx_word' id='word_1_42' title='bbox 528 1255 574 1321; x_wconf 91' lang='lat' dir='ltr'>sic</span> <span class='ocrx_word' id='word_1_43' title='bbox 597 1259 643 1340; x_wconf 88' lang='lat' dir='ltr'>te,</span> <span class='ocrx_word' id='word_1_44' title='bbox 666 1256 750 1321; x_wconf 92' lang='lat' dir='ltr'>clare</span> <span class='ocrx_word' id='word_1_45' title='bbox 773 1278 867 1343; x_wconf 88' lang='lat' dir='ltr'>puer,</span> <span class='ocrx_word' id='word_1_46' title='bbox 890 1255 1038 1342; x_wconf 89' lang='lat' dir='ltr'>genitum</span> <span class='ocrx_word' id='word_1_47' title='bbox 1061 1255 1125 1322; x_wconf 91' lang='lat' dir='ltr'>sibi</span> <span class='ocrx_word' id='word_1_48' title='bbox 1149 1256 1246 1323; x_wconf 83' lang='lat' dir='ltr'>Curia</span> <span class='ocrx_word' id='word_1_49' title='bbox 1269 1257 1369 1324; x_wconf 89' lang='lat' dir='ltr'>sensit</span> 
     </span>
     <span class='ocr_line' id='line_1_9' title="bbox 528 1363 1267 1451; baseline 0.003 -23"><span class='ocrx_word' id='word_1_50' title='bbox 528 1363 696 1450; x_wconf 85' lang='lat' dir='ltr'>primaque</span> <span class='ocrx_word' id='word_1_51' title='bbox 719 1363 856 1448; x_wconf 88' lang='lat' dir='ltr'>patricia</span> <span class='ocrx_word' id='word_1_52' title='bbox 878 1363 993 1429; x_wconf 86' lang='lat' dir='ltr'>clausit</span> <span class='ocrx_word' id='word_1_53' title='bbox 1016 1363 1155 1451; x_wconf 86' lang='lat' dir='ltr'>uestigia</span> <span class='ocrx_word' id='word_1_54' title='bbox 1177 1364 1267 1451; x_wconf 87' lang='lat' dir='ltr'>luna,</span> 
     </span>
     <span class='ocr_line' id='line_1_10' title="bbox 528 1470 1437 1558; baseline 0.003 -22"><span class='ocrx_word' id='word_1_55' title='bbox 528 1493 603 1537; x_wconf 86' lang='lat' dir='ltr'>mox</span> <span class='ocrx_word' id='word_1_56' title='bbox 622 1470 738 1556; x_wconf 77' lang='lat' dir='ltr'>Tyrios</span> <span class='ocrx_word' id='word_1_57' title='bbox 761 1493 800 1536; x_wconf 84' lang='lat' dir='ltr'>ex</span> <span class='ocrx_word' id='word_1_58' title='bbox 824 1493 912 1537; x_wconf 89' lang='lat' dir='ltr'>more</span> <span class='ocrx_word' id='word_1_59' title='bbox 931 1471 1022 1537; x_wconf 87' lang='lat' dir='ltr'>sinus</span> <span class='ocrx_word' id='word_1_60' title='bbox 1040 1471 1245 1557; x_wconf 77' lang='lat' dir='ltr'>tunicamque</span> <span class='ocrx_word' id='word_1_61' title='bbox 1268 1476 1437 1558; x_wconf 83' lang='lat' dir='ltr'>potentem</span> 
     </span>
     <span class='ocr_line' id='line_1_11' title="bbox 529 1577 1396 1667; baseline 0.002 -23"><span class='ocrx_word' id='word_1_62' title='bbox 529 1600 690 1666; x_wconf 89' lang='lat' dir='ltr'>agnouere</span> <span class='ocrx_word' id='word_1_63' title='bbox 714 1577 825 1644; x_wconf 91' lang='lat' dir='ltr'>umeri.</span> <span class='ocrx_word' id='word_1_64' title='bbox 862 1579 918 1644; x_wconf 87' lang='lat' dir='ltr'>sed</span> <span class='ocrx_word' id='word_1_65' title='bbox 937 1578 1023 1644; x_wconf 86' lang='lat' dir='ltr'>enim</span> <span class='ocrx_word' id='word_1_66' title='bbox 1041 1578 1104 1644; x_wconf 90' lang='lat' dir='ltr'>tibi</span> <span class='ocrx_word' id='word_1_67' title='bbox 1123 1601 1241 1667; x_wconf 89' lang='lat' dir='ltr'>magna</span> <span class='ocrx_word' id='word_1_68' title='bbox 1258 1579 1396 1666; x_wconf 88' lang='lat' dir='ltr'>parabat</span> 
     </span>
     <span class='ocr_line' id='line_1_12' title="bbox 528 1685 1428 1772; baseline 0.003 -22"><span class='ocrx_word' id='word_1_69' title='bbox 528 1686 569 1750; x_wconf 87' lang='lat' dir='ltr'>ad</span> <span class='ocrx_word' id='word_1_70' title='bbox 591 1685 706 1753; x_wconf 85' lang='lat' dir='ltr'>titulos</span> <span class='ocrx_word' id='word_1_71' title='bbox 730 1685 880 1771; x_wconf 87' lang='lat' dir='ltr'>exempla</span> <span class='ocrx_word' id='word_1_72' title='bbox 902 1690 1009 1771; x_wconf 89' lang='lat' dir='ltr'>pater,</span> <span class='ocrx_word' id='word_1_73' title='bbox 1037 1686 1160 1772; x_wconf 89' lang='lat' dir='ltr'>quippe</span> <span class='ocrx_word' id='word_1_74' title='bbox 1183 1687 1239 1753; x_wconf 92' lang='lat' dir='ltr'>ille</span> <span class='ocrx_word' id='word_1_75' title='bbox 1262 1687 1428 1753; x_wconf 89' lang='lat' dir='ltr'>iuuentam</span> 
     </span>
     <span class='ocr_line' id='line_1_13' title="bbox 529 1793 1429 1880; baseline 0.003 -22"><span class='ocrx_word' id='word_1_76' title='bbox 529 1793 680 1879; x_wconf 89' lang='lat' dir='ltr'>protinus</span> <span class='ocrx_word' id='word_1_77' title='bbox 703 1793 886 1880; x_wconf 86' lang='lat' dir='ltr'>ingrediens</span> <span class='ocrx_word' id='word_1_78' title='bbox 909 1794 1133 1879; x_wconf 86' lang='lat' dir='ltr'>pharetratum</span> <span class='ocrx_word' id='word_1_79' title='bbox 1157 1794 1277 1860; x_wconf 86' lang='lat' dir='ltr'>inuasit</span> <span class='ocrx_word' id='word_1_80' title='bbox 1299 1794 1429 1862; x_wconf 86' lang='lat' dir='ltr'>Araxen</span> 
     </span>
     <span class='ocr_line' id='line_1_14' title="bbox 530 1899 1308 1988; baseline 0 -22"><span class='ocrx_word' id='word_1_81' title='bbox 530 1899 669 1988; x_wconf 85' lang='lat' dir='ltr'>belliger</span> <span class='ocrx_word' id='word_1_82' title='bbox 691 1900 926 1986; x_wconf 87' lang='lat' dir='ltr'>indocilemque</span> <span class='ocrx_word' id='word_1_83' title='bbox 949 1901 1018 1967; x_wconf 85' lang='lat' dir='ltr'>fero</span> <span class='ocrx_word' id='word_1_84' title='bbox 1041 1901 1163 1968; x_wconf 84' lang='lat' dir='ltr'>seruire</span> <span class='ocrx_word' id='word_1_85' title='bbox 1185 1901 1308 1969; x_wconf 91' lang='lat' dir='ltr'>Neroni</span> 
     </span>
     <span class='ocr_line' id='line_1_15' title="bbox 529 2007 1372 2097; baseline 0.005 -25"><span class='ocrx_word' id='word_1_86' title='bbox 529 2007 725 2074; x_wconf 83' lang='lat' dir='ltr'>Armeniam.</span> <span class='ocrx_word' id='word_1_87' title='bbox 771 2007 867 2095; x_wconf 88' lang='lat' dir='ltr'>rigidi</span> <span class='ocrx_word' id='word_1_88' title='bbox 891 2031 1050 2074; x_wconf 84' lang='lat' dir='ltr'>summam</span> <span class='ocrx_word' id='word_1_89' title='bbox 1072 2009 1230 2076; x_wconf 88' lang='lat' dir='ltr'>Mauortis</span> <span class='ocrx_word' id='word_1_90' title='bbox 1253 2010 1372 2097; x_wconf 78' lang='lat' dir='ltr'>agebel</span> 
     </span>
     <span class='ocr_line' id='line_1_16' title="bbox 531 2114 1423 2202; baseline 0.003 -21"><span class='ocrx_word' id='word_1_91' title='bbox 531 2114 686 2202; x_wconf 80' lang='lat' dir='ltr'>Corbulo,</span> <span class='ocrx_word' id='word_1_92' title='bbox 709 2115 765 2180; x_wconf 91' lang='lat' dir='ltr'>sed</span> <span class='ocrx_word' id='word_1_93' title='bbox 788 2114 939 2180; x_wconf 89' lang='lat' dir='ltr'>comitem</span> <span class='ocrx_word' id='word_1_94' title='bbox 963 2115 1040 2181; x_wconf 92' lang='lat' dir='ltr'>belli</span> <span class='ocrx_word' id='word_1_95' title='bbox 1064 2117 1250 2202; x_wconf 90' lang='lat' dir='ltr'>sociumque</span> <span class='ocrx_word' id='word_1_96' title='bbox 1272 2118 1423 2185; x_wconf 90' lang='lat' dir='ltr'>laborum</span> 
     </span>
     <span class='ocr_line' id='line_1_17' title="bbox 531 2222 1403 2310; baseline 0.005 -23"><span class='ocrx_word' id='word_1_97' title='bbox 531 2222 586 2288; x_wconf 92' lang='lat' dir='ltr'>ille</span> <span class='ocrx_word' id='word_1_98' title='bbox 611 2244 740 2308; x_wconf 88' lang='lat' dir='ltr'>quoque</span> <span class='ocrx_word' id='word_1_99' title='bbox 764 2222 904 2310; x_wconf 87' lang='lat' dir='ltr'>egregiis</span> <span class='ocrx_word' id='word_1_100' title='bbox 927 2222 1066 2288; x_wconf 91' lang='lat' dir='ltr'>multum</span> <span class='ocrx_word' id='word_1_101' title='bbox 1088 2222 1224 2290; x_wconf 77' lang='lat' dir='ltr'>miratus</span> <span class='ocrx_word' id='word_1_102' title='bbox 1247 2224 1280 2290; x_wconf 95' lang='lat' dir='ltr'>in</span> <span class='ocrx_word' id='word_1_103' title='bbox 1304 2226 1403 2292; x_wconf 86' lang='lat' dir='ltr'>armis</span> 
     </span>
     <span class='ocr_line' id='line_1_18' title="bbox 530 2329 1388 2416; baseline 0.005 -22"><span class='ocrx_word' id='word_1_104' title='bbox 530 2330 689 2396; x_wconf 89' lang='lat' dir='ltr'>Bolanum</span> <span class='ocrx_word' id='word_1_105' title='bbox 712 2333 809 2414; x_wconf 88' lang='lat' dir='ltr'>atque</span> <span class='ocrx_word' id='word_1_106' title='bbox 832 2329 881 2394; x_wconf 94' lang='lat' dir='ltr'>illi</span> <span class='ocrx_word' id='word_1_107' title='bbox 904 2352 1053 2396; x_wconf 91' lang='lat' dir='ltr'>curarum</span> <span class='ocrx_word' id='word_1_108' title='bbox 1076 2331 1254 2416; x_wconf 85' lang='lat' dir='ltr'>asperrima</span> <span class='ocrx_word' id='word_1_109' title='bbox 1277 2337 1388 2398; x_wconf 88' lang='lat' dir='ltr'>suetus</span> 
     </span>
     <span class='ocr_line' id='line_1_19' title="bbox 531 2437 1427 2524; baseline 0.004 -22"><span class='ocrx_word' id='word_1_110' title='bbox 531 2437 658 2502; x_wconf 89' lang='lat' dir='ltr'>credere</span> <span class='ocrx_word' id='word_1_111' title='bbox 681 2437 860 2523; x_wconf 89' lang='lat' dir='ltr'>partirique</span> <span class='ocrx_word' id='word_1_112' title='bbox 883 2441 1005 2522; x_wconf 89' lang='lat' dir='ltr'>metus,</span> <span class='ocrx_word' id='word_1_113' title='bbox 1028 2437 1113 2524; x_wconf 92' lang='lat' dir='ltr'>quod</span> <span class='ocrx_word' id='word_1_114' title='bbox 1136 2442 1266 2523; x_wconf 87' lang='lat' dir='ltr'>tempus</span> <span class='ocrx_word' id='word_1_115' title='bbox 1289 2439 1427 2506; x_wconf 90' lang='lat' dir='ltr'>amicum</span> 
     </span>
     <span class='ocr_line' id='line_1_20' title="bbox 531 2545 1431 2634; baseline 0.003 -24"><span class='ocrx_word' id='word_1_116' title='bbox 531 2545 713 2630; x_wconf 84' lang='lat' dir='ltr'>fraudibus,</span> <span class='ocrx_word' id='word_1_117' title='bbox 736 2549 847 2610; x_wconf 85' lang='lat' dir='ltr'>exerto</span> <span class='ocrx_word' id='word_1_118' title='bbox 871 2567 1029 2631; x_wconf 86' lang='lat' dir='ltr'>quaenam</span> <span class='ocrx_word' id='word_1_119' title='bbox 1051 2545 1137 2611; x_wconf 89' lang='lat' dir='ltr'>bona</span> <span class='ocrx_word' id='word_1_120' title='bbox 1159 2550 1307 2630; x_wconf 89' lang='lat' dir='ltr'>tempora</span> <span class='ocrx_word' id='word_1_121' title='bbox 1330 2547 1431 2634; x_wconf 87' lang='lat' dir='ltr'>bello,</span> 
     </span>
     <span class='ocr_line' id='line_1_21' title="bbox 533 2652 1413 2740; baseline 0.002 -22"><span class='ocrx_word' id='word_1_122' title='bbox 533 2674 614 2738; x_wconf 89' lang='lat' dir='ltr'>quae</span> <span class='ocrx_word' id='word_1_123' title='bbox 638 2657 789 2738; x_wconf 88' lang='lat' dir='ltr'>suspecta</span> <span class='ocrx_word' id='word_1_124' title='bbox 811 2652 890 2718; x_wconf 91' lang='lat' dir='ltr'>fides</span> <span class='ocrx_word' id='word_1_125' title='bbox 913 2657 970 2718; x_wconf 88' lang='lat' dir='ltr'>aut</span> <span class='ocrx_word' id='word_1_126' title='bbox 993 2675 1074 2738; x_wconf 84' lang='lat' dir='ltr'>quae</span> <span class='ocrx_word' id='word_1_127' title='bbox 1097 2652 1176 2740; x_wconf 86' lang='lat' dir='ltr'>fuga</span> <span class='ocrx_word' id='word_1_128' title='bbox 1198 2675 1275 2718; x_wconf 91' lang='lat' dir='ltr'>uera</span> <span class='ocrx_word' id='word_1_129' title='bbox 1298 2653 1413 2720; x_wconf 79' lang='lat' dir='ltr'>ferocis</span> 
     </span>
     <span class='ocr_line' id='line_1_22' title="bbox 531 2759 1358 2846; baseline -0.001 -19"><span class='ocrx_word' id='word_1_130' title='bbox 531 2760 692 2846; x_wconf 80' lang='lat' dir='ltr'>Armenii3</span> <span class='ocrx_word' id='word_1_131' title='bbox 721 2760 863 2826; x_wconf 89' lang='lat' dir='ltr'>Bolanus</span> <span class='ocrx_word' id='word_1_132' title='bbox 885 2759 948 2826; x_wconf 91' lang='lat' dir='ltr'>iter</span> <span class='ocrx_word' id='word_1_133' title='bbox 970 2782 1143 2845; x_wconf 86' lang='lat' dir='ltr'>praenosse</span> <span class='ocrx_word' id='word_1_134' title='bbox 1166 2760 1358 2844; x_wconf 89' lang='lat' dir='ltr'>timendum,</span> 
     </span>
     <span class='ocr_line' id='line_1_23' title="bbox 532 2866 1392 2956; baseline 0.001 -23"><span class='ocrx_word' id='word_1_135' title='bbox 532 2866 675 2933; x_wconf 89' lang='lat' dir='ltr'>Bolanus</span> <span class='ocrx_word' id='word_1_136' title='bbox 697 2868 778 2934; x_wconf 86' lang='lat' dir='ltr'>tutis</span> <span class='ocrx_word' id='word_1_137' title='bbox 801 2867 878 2955; x_wconf 89' lang='lat' dir='ltr'>iuga</span> <span class='ocrx_word' id='word_1_138' title='bbox 901 2890 1053 2953; x_wconf 88' lang='lat' dir='ltr'>quaerere</span> <span class='ocrx_word' id='word_1_139' title='bbox 1076 2867 1243 2934; x_wconf 88' lang='lat' dir='ltr'>commoda</span> <span class='ocrx_word' id='word_1_140' title='bbox 1266 2869 1392 2956; x_wconf 85' lang='lat' dir='ltr'>castris,</span> 
     </span>
     <span class='ocr_line' id='line_1_24' title="bbox 533 2974 1267 3062; baseline 0 -22"><span class='ocrx_word' id='word_1_141' title='bbox 533 2974 641 3040; x_wconf 91' lang='lat' dir='ltr'>metiri</span> <span class='ocrx_word' id='word_1_142' title='bbox 663 2974 806 3042; x_wconf 87' lang='lat' dir='ltr'>Bolanus</span> <span class='ocrx_word' id='word_1_143' title='bbox 828 2997 937 3062; x_wconf 88' lang='lat' dir='ltr'>agros,</span> <span class='ocrx_word' id='word_1_144' title='bbox 960 2975 1085 3061; x_wconf 87' lang='lat' dir='ltr'>aperire</span> <span class='ocrx_word' id='word_1_145' title='bbox 1109 2975 1267 3062; x_wconf 85' lang='lat' dir='ltr'>malignas</span> 
     </span>
     <span class='ocr_line' id='line_1_25' title="bbox 534 3085 1447 3168; baseline 0.001 -20"><span class='ocrx_word' id='word_1_146' title='bbox 534 3087 716 3148; x_wconf 89' lang='lat' dir='ltr'>torrentum</span> <span class='ocrx_word' id='word_1_147' title='bbox 733 3105 966 3168; x_wconf 87' lang='lat' dir='ltr'>nemorumque</span> <span class='ocrx_word' id='word_1_148' title='bbox 984 3105 1091 3148; x_wconf 88' lang='lat' dir='ltr'>moras</span> <span class='ocrx_word' id='word_1_149' title='bbox 1110 3087 1298 3168; x_wconf 68' lang='lat' dir='ltr'>tentamus</span> <span class='ocrx_word' id='word_1_150' title='bbox 1316 3085 1447 3150; x_wconf 88' lang='lat' dir='ltr'>uerendi</span> 
     </span>
     <span class='ocr_line' id='line_1_26' title="bbox 534 3189 1444 3276; baseline 0.002 -20"><span class='ocrx_word' id='word_1_151' title='bbox 534 3195 675 3256; x_wconf 89' lang='lat' dir='ltr'>mentem</span> <span class='ocrx_word' id='word_1_152' title='bbox 698 3189 831 3276; x_wconf 83' lang='lat' dir='ltr'>implere</span> <span class='ocrx_word' id='word_1_153' title='bbox 855 3189 944 3256; x_wconf 87' lang='lat' dir='ltr'>ducis</span> <span class='ocrx_word' id='word_1_154' title='bbox 967 3189 1127 3274; x_wconf 89' lang='lat' dir='ltr'>iussisque</span> <span class='ocrx_word' id='word_1_155' title='bbox 1150 3189 1338 3276; x_wconf 88' lang='lat' dir='ltr'>ingentibus</span> <span class='ocrx_word' id='word_1_156' title='bbox 1361 3213 1444 3258; x_wconf 91' lang='lat' dir='ltr'>unus</span> 
     </span>
     <span class='ocr_line' id='line_1_27' title="bbox 534 3296 1437 3384; baseline 0.002 -22"><span class='ocrx_word' id='word_1_157' title='bbox 534 3299 689 3364; x_wconf 88' lang='lat' dir='ltr'>sufficere.</span> <span class='ocrx_word' id='word_1_158' title='bbox 735 3297 807 3383; x_wconf 88' lang='lat' dir='ltr'>ipsa</span> <span class='ocrx_word' id='word_1_159' title='bbox 829 3297 937 3362; x_wconf 89' lang='lat' dir='ltr'>uimm</span> <span class='ocrx_word' id='word_1_160' title='bbox 959 3301 1055 3363; x_wconf 87' lang='lat' dir='ltr'>norat</span> <span class='ocrx_word' id='word_1_161' title='bbox 1076 3296 1141 3362; x_wconf 87' lang='lat' dir='ltr'>iam</span> <span class='ocrx_word' id='word_1_162' title='bbox 1166 3297 1305 3362; x_wconf 89' lang='lat' dir='ltr'>barbara</span> <span class='ocrx_word' id='word_1_163' title='bbox 1328 3298 1437 3384; x_wconf 87' lang='lat' dir='ltr'>tellus,</span> 
     </span>
     <span class='ocr_line' id='line_1_28' title="bbox 534 3402 1418 3490; baseline 0.001 -21"><span class='ocrx_word' id='word_1_164' title='bbox 534 3405 588 3470; x_wconf 92' lang='lat' dir='ltr'>ille</span> <span class='ocrx_word' id='word_1_165' title='bbox 612 3405 769 3471; x_wconf 88' lang='lat' dir='ltr'>sccundus</span> <span class='ocrx_word' id='word_1_166' title='bbox 792 3426 876 3490; x_wconf 85' lang='lat' dir='ltr'>apex</span> <span class='ocrx_word' id='word_1_167' title='bbox 900 3404 1059 3470; x_wconf 89' lang='lat' dir='ltr'>bellorum</span> <span class='ocrx_word' id='word_1_168' title='bbox 1083 3408 1116 3469; x_wconf 90' lang='lat' dir='ltr'>et</span> <span class='ocrx_word' id='word_1_169' title='bbox 1139 3402 1288 3489; x_wconf 85' lang='lat' dir='ltr'>proxima</span> <span class='ocrx_word' id='word_1_170' title='bbox 1311 3405 1418 3471; x_wconf 87' lang='lat' dir='ltr'>cassis.</span> 
     </span>
     <span class='ocr_line' id='line_1_29' title="bbox 534 3509 1472 3599; baseline 0.003 -23"><span class='ocrx_word' id='word_1_171' title='bbox 534 3511 580 3577; x_wconf 90' lang='lat' dir='ltr'>sic</span> <span class='ocrx_word' id='word_1_172' title='bbox 599 3511 745 3599; x_wconf 85' lang='lat' dir='ltr'>Phryges</span> <span class='ocrx_word' id='word_1_173' title='bbox 764 3510 909 3598; x_wconf 90' lang='lat' dir='ltr'>attoniti,</span> <span class='ocrx_word' id='word_1_174' title='bbox 930 3532 1126 3596; x_wconf 90' lang='lat' dir='ltr'>quamquam</span> <span class='ocrx_word' id='word_1_175' title='bbox 1144 3509 1306 3577; x_wconf 87' lang='lat' dir='ltr'>Nemeaea</span> <span class='ocrx_word' id='word_1_176' title='bbox 1323 3511 1472 3579; x_wconf 88' lang='lat' dir='ltr'>uiderent</span> 
     </span>
     <span class='ocr_line' id='line_1_30' title="bbox 534 3617 1310 3704; baseline 0 -20"><span class='ocrx_word' id='word_1_177' title='bbox 534 3641 623 3684; x_wconf 89' lang='lat' dir='ltr'>arma</span> <span class='ocrx_word' id='word_1_178' title='bbox 646 3617 886 3704; x_wconf 79' lang='lat' dir='ltr'>Cleonaeusque</span> <span class='ocrx_word' id='word_1_179' title='bbox 909 3617 993 3684; x_wconf 89' lang='lat' dir='ltr'>acics</span> <span class='ocrx_word' id='word_1_180' title='bbox 1016 3617 1197 3702; x_wconf 90' lang='lat' dir='ltr'>impelleret</span> <span class='ocrx_word' id='word_1_181' title='bbox 1219 3641 1310 3684; x_wconf 86' lang='lat' dir='ltr'>arcus</span> 
     </span>
     <span class='ocr_line' id='line_1_31' title="bbox 535 3723 1427 3814; baseline 0.003 -24"><span class='ocrx_word' id='word_1_182' title='bbox 535 3729 702 3814; x_wconf 88' lang='lat' dir='ltr'>pugnante</span> <span class='ocrx_word' id='word_1_183' title='bbox 725 3725 852 3810; x_wconf 82' lang='lat' dir='ltr'>Alcide,</span> <span class='ocrx_word' id='word_1_184' title='bbox 875 3729 984 3790; x_wconf 88' lang='lat' dir='ltr'>tamen</span> <span class='ocrx_word' id='word_1_185' title='bbox 1006 3729 1040 3790; x_wconf 92' lang='lat' dir='ltr'>et</span> <span class='ocrx_word' id='word_1_186' title='bbox 1062 3723 1235 3791; x_wconf 84' lang='lat' dir='ltr'>Telamona</span> <span class='ocrx_word' id='word_1_187' title='bbox 1258 3725 1427 3793; x_wconf 85' lang='lat' dir='ltr'>timebant.</span> 
     </span>
     <span class='ocr_line' id='line_1_32' title="bbox 536 3831 1496 3920; baseline 0.004 -22"><span class='ocrx_word' id='word_1_188' title='bbox 536 3833 635 3918; x_wconf 88' lang='lat' dir='ltr'>disce,</span> <span class='ocrx_word' id='word_1_189' title='bbox 654 3857 748 3919; x_wconf 90' lang='lat' dir='ltr'>puer,</span> <span class='ocrx_word' id='word_1_190' title='bbox 763 3871 804 3880; x_wconf 95' lang='lat'>-</span> <span class='ocrx_word' id='word_1_191' title='bbox 824 3854 883 3898; x_wconf 87' lang='lat' dir='ltr'>nec</span> <span class='ocrx_word' id='word_1_192' title='bbox 902 3831 987 3898; x_wconf 91' lang='lat' dir='ltr'>enim</span> <span class='ocrx_word' id='word_1_193' title='bbox 1006 3835 1139 3898; x_wconf 85' lang='lat' dir='ltr'>externo</span> <span class='ocrx_word' id='word_1_194' title='bbox 1158 3833 1318 3898; x_wconf 88' lang='lat' dir='ltr'>monitore</span> <span class='ocrx_word' id='word_1_195' title='bbox 1337 3835 1496 3920; x_wconf 86' lang='lat' dir='ltr'>petendus</span> 
     </span>
     <span class='ocr_line' id='line_1_33' title="bbox 536 3939 1398 4028; baseline 0 -20"><span class='ocrx_word' id='word_1_196' title='bbox 536 3941 669 4008; x_wconf 88' lang='lat' dir='ltr'>uirtutis</span> <span class='ocrx_word' id='word_1_197' title='bbox 691 3940 754 4006; x_wconf 91' lang='lat' dir='ltr'>tibi</span> <span class='ocrx_word' id='word_1_198' title='bbox 777 3940 913 4026; x_wconf 92' lang='lat' dir='ltr'>pulcher</span> <span class='ocrx_word' id='word_1_199' title='bbox 935 3962 1038 4006; x_wconf 86' lang='lat' dir='ltr'>amor:</span> <span class='ocrx_word' id='word_1_200' title='bbox 1075 3944 1213 4028; x_wconf 90' lang='lat' dir='ltr'>cognata</span> <span class='ocrx_word' id='word_1_201' title='bbox 1235 3939 1398 4008; x_wconf 89' lang='lat' dir='ltr'>ministret</span> 
     </span>
    </p>
   </div>
   <div class='ocr_carea' id='block_1_3' title="bbox 323 4115 1658 4999">
    <p class='ocr_par' dir='ltr' id='par_1_4' title="bbox 323 4115 1658 4452">
     <span class='ocr_line' id='line_1_34' title="bbox 412 4115 1656 4190; baseline 0.002 -16"><span class='ocrx_word' id='word_1_202' title='bbox 412 4125 446 4174; x_wconf 88' lang='grc'>22</span> <span class='ocrx_word' id='word_1_203' title='bbox 475 4117 539 4172; x_wconf 88' lang='lat' dir='ltr'>nisu</span> <span class='ocrx_word' id='word_1_204' title='bbox 561 4121 591 4174; x_wconf 90' lang='lat' dir='ltr'>et</span> <span class='ocrx_word' id='word_1_205' title='bbox 608 4116 700 4172; x_wconf 86' lang='lat' dir='ltr'>titulis</span> <span class='ocrx_word' id='word_1_206' title='bbox 719 4117 853 4174; x_wconf 79' lang='lat' dir='ltr'>Heinsius</span> <span class='ocrx_word' id='word_1_207' title='bbox 880 4149 915 4158; x_wconf 93' lang='lat'>—</span> <span class='ocrx_word' id='word_1_208' title='bbox 943 4123 977 4172; x_wconf 89' lang='grc'>24</span> <span class='ocrx_word' id='word_1_209' title='bbox 1001 4115 1132 4172; x_wconf 80' lang='lat' dir='ltr'>emeritos</span> <span class='ocrx_word' id='word_1_210' title='bbox 1151 4117 1301 4174; x_wconf 71' lang='lat' dir='ltr'>Grunnius</span> <span class='ocrx_word' id='word_1_211' title='bbox 1329 4150 1363 4159; x_wconf 92' lang='lat'><em>-</em></span> <span class='ocrx_word' id='word_1_212' title='bbox 1391 4125 1425 4174; x_wconf 80' lang='grc'>32</span> <span class='ocrx_word' id='word_1_213' title='bbox 1450 4121 1559 4190; x_wconf 85' lang='lat' dir='ltr'>exorto;</span> <span class='ocrx_word' id='word_1_214' title='bbox 1587 4139 1656 4178; x_wconf 84' lang='lat' dir='ltr'>corr.</span> 
     </span>
     <span class='ocr_line' id='line_1_35' title="bbox 323 4205 1658 4279; baseline 0.001 -15"><span class='ocrx_word' id='word_1_215' title='bbox 323 4209 471 4264; x_wconf 81' lang='lat' dir='ltr'>Liuineius</span> <span class='ocrx_word' id='word_1_216' title='bbox 488 4241 523 4250; x_wconf 89' lang='lat'><em>-</em></span> <span class='ocrx_word' id='word_1_217' title='bbox 542 4212 577 4263; x_wconf 90' lang='lat'>40</span> <span class='ocrx_word' id='word_1_218' title='bbox 596 4209 739 4279; x_wconf 80' lang='lat' dir='ltr'>suscepta;</span> <span class='ocrx_word' id='word_1_219' title='bbox 757 4225 826 4264; x_wconf 82' lang='lat' dir='ltr'>corr.</span> <span class='ocrx_word' id='word_1_220' title='bbox 846 4207 1005 4262; x_wconf 79' lang='lat' dir='ltr'>Politicaac</span> <span class='ocrx_word' id='word_1_221' title='bbox 1023 4237 1058 4247; x_wconf 92' lang='lat'><em>-</em></span> <span class='ocrx_word' id='word_1_222' title='bbox 1076 4213 1111 4261; x_wconf 85' lang='grc'>43</span> <span class='ocrx_word' id='word_1_223' title='bbox 1130 4205 1232 4260; x_wconf 88' lang='lat' dir='ltr'>metari</span> <span class='ocrx_word' id='word_1_224' title='bbox 1250 4225 1264 4260; x_wconf 88' lang='lat' dir='ltr'>c</span> <span class='ocrx_word' id='word_1_225' title='bbox 1282 4238 1317 4247; x_wconf 93' lang='lat'>—</span> <span class='ocrx_word' id='word_1_226' title='bbox 1335 4213 1370 4262; x_wconf 86' lang='lat'>44</span> <span class='ocrx_word' id='word_1_227' title='bbox 1389 4210 1434 4262; x_wconf 89' lang='lat' dir='ltr'>tot</span> <span class='ocrx_word' id='word_1_228' title='bbox 1450 4225 1542 4262; x_wconf 88' lang='lat' dir='ltr'>rorum</span> <span class='ocrx_word' id='word_1_229' title='bbox 1561 4226 1658 4265; x_wconf 89' lang='lat' dir='ltr'>nemo-</span> 
     </span>
     <span class='ocr_line' id='line_1_36' title="bbox 323 4297 1658 4367; baseline 0.001 -14"><span class='ocrx_word' id='word_1_230' title='bbox 323 4315 452 4367; x_wconf 87' lang='lat' dir='ltr'>rumque;</span> <span class='ocrx_word' id='word_1_231' title='bbox 480 4315 549 4354; x_wconf 85' lang='lat' dir='ltr'>corr.</span> <span class='ocrx_word' id='word_1_232' title='bbox 570 4297 705 4354; x_wconf 79' lang='lat' dir='ltr'>Heinsius</span> <span class='ocrx_word' id='word_1_233' title='bbox 732 4299 776 4352; x_wconf 87' lang='lat' dir='ltr'>tot</span> <span class='ocrx_word' id='word_1_234' title='bbox 798 4311 914 4366; x_wconf 89' lang='lat' dir='ltr'>ucprum</span> <span class='ocrx_word' id='word_1_235' title='bbox 934 4313 948 4350; x_wconf 85' lang='lat' dir='ltr'>c</span> <span class='ocrx_word' id='word_1_236' title='bbox 971 4326 1004 4337; x_wconf 95' lang='lat'><em>-</em></span> <span class='ocrx_word' id='word_1_237' title='bbox 1027 4301 1063 4351; x_wconf 85' lang='lat'>48</span> <span class='ocrx_word' id='word_1_238' title='bbox 1086 4311 1186 4352; x_wconf 86' lang='lat' dir='ltr'>nemea</span> <span class='ocrx_word' id='word_1_239' title='bbox 1208 4297 1300 4366; x_wconf 80' lang='lat' dir='ltr'>(etiam</span> <span class='ocrx_word' id='word_1_240' title='bbox 1318 4297 1379 4366; x_wconf 72' lang='lat' dir='ltr'>A*);</span> <span class='ocrx_word' id='word_1_241' title='bbox 1406 4315 1475 4354; x_wconf 88' lang='lat' dir='ltr'>cor-r.</span> <span class='ocrx_word' id='word_1_242' title='bbox 1499 4299 1658 4355; x_wconf 66' lang='lat' dir='ltr'>Potitianis</span> 
     </span>
     <span class='ocr_line' id='line_1_37' title="bbox 324 4385 665 4452; baseline 0.006 -11"><span class='ocrx_word' id='word_1_243' title='bbox 324 4419 358 4428; x_wconf 84' lang='grc'>-</span> <span class='ocrx_word' id='word_1_244' title='bbox 377 4393 411 4442; x_wconf 98' lang='grc'>52</span> <span class='ocrx_word' id='word_1_245' title='bbox 429 4385 589 4442; x_wconf 84' lang='lat' dir='ltr'>ministrat?</span> <span class='ocrx_word' id='word_1_246' title='bbox 608 4417 641 4428; x_wconf 95' lang='lat'>—</span> <span class='ocrx_word' id='word_1_247' title='bbox 663 4448 665 4452; x_wconf 59' lang='grc'><em>,</em></span> 
     </span>
    </p>

    <p class='ocr_par' dir='ltr' id='par_1_5' title="bbox 324 4563 1658 4999">
     <span class='ocr_line' id='line_1_38' title="bbox 413 4563 1657 4636; baseline 0.003 -16"><span class='ocrx_word' id='word_1_248' title='bbox 413 4573 446 4620; x_wconf 78' lang='grc'>27</span> <span class='ocrx_word' id='word_1_249' title='bbox 470 4567 505 4634; x_wconf 79' lang='lat' dir='ltr'>cf.</span> <span class='ocrx_word' id='word_1_250' title='bbox 525 4567 562 4622; x_wconf 80' lang='lat' dir='ltr'>ad</span> <span class='ocrx_word' id='word_1_251' title='bbox 578 4565 616 4619; x_wconf 90' lang='lat' dir='ltr'>IV</span> <span class='ocrx_word' id='word_1_252' title='bbox 630 4574 655 4621; x_wconf 84' lang='lat'>4.</span> <span class='ocrx_word' id='word_1_253' title='bbox 667 4571 700 4620; x_wconf 83' lang='grc'>76</span> <span class='ocrx_word' id='word_1_254' title='bbox 719 4565 758 4620; x_wconf 83' lang='grc' dir='ltr'><strong><em>Ν</em></strong></span> <span class='ocrx_word' id='word_1_255' title='bbox 772 4573 796 4621; x_wconf 81' lang='grc' dir='ltr'>Β.</span> <span class='ocrx_word' id='word_1_256' title='bbox 809 4573 841 4621; x_wconf 86' lang='grc'>13</span> <span class='ocrx_word' id='word_1_257' title='bbox 861 4565 916 4620; x_wconf 85' lang='lat' dir='ltr'>sibi</span> <span class='ocrx_word' id='word_1_258' title='bbox 934 4565 1045 4636; x_wconf 85' lang='lat' dir='ltr'>genitos</span> <span class='ocrx_word' id='word_1_259' title='bbox 1063 4566 1148 4636; x_wconf 86' lang='lat' dir='ltr'>putat</span> <span class='ocrx_word' id='word_1_260' title='bbox 1165 4595 1199 4604; x_wconf 96' lang='lat'><em>-</em></span> <span class='ocrx_word' id='word_1_261' title='bbox 1218 4569 1253 4618; x_wconf 80' lang='grc'>35</span> <span class='ocrx_word' id='word_1_262' title='bbox 1276 4563 1379 4619; x_wconf 85' lang='lat' dir='ltr'>Lucan.</span> <span class='ocrx_word' id='word_1_263' title='bbox 1391 4564 1456 4618; x_wconf 82' lang='lat' dir='ltr'>VIII</span> <span class='ocrx_word' id='word_1_264' title='bbox 1470 4571 1522 4620; x_wconf 85' lang='grc'>262</span> <span class='ocrx_word' id='word_1_265' title='bbox 1541 4567 1657 4623; x_wconf 88' lang='lat' dir='ltr'>comites</span> 
     </span>
     <span class='ocr_line' id='line_1_39' title="bbox 324 4651 1656 4726; baseline 0.001 -16"><span class='ocrx_word' id='word_1_266' title='bbox 324 4655 449 4725; x_wconf 86' lang='lat' dir='ltr'>bellique</span> <span class='ocrx_word' id='word_1_267' title='bbox 463 4655 603 4726; x_wconf 78' lang='lat' dir='ltr'>fugaeque</span> <span class='ocrx_word' id='word_1_268' title='bbox 618 4687 651 4696; x_wconf 94' lang='lat'><em>—</em></span> <span class='ocrx_word' id='word_1_269' title='bbox 666 4660 701 4710; x_wconf 82' lang='lat'>38</span> <span class='ocrx_word' id='word_1_270' title='bbox 715 4656 798 4726; x_wconf 87' lang='lat' dir='ltr'>Verg.</span> <span class='ocrx_word' id='word_1_271' title='bbox 813 4657 845 4711; x_wconf 86' lang='lat' dir='ltr'>A.</span> <span class='ocrx_word' id='word_1_272' title='bbox 860 4655 899 4709; x_wconf 84' lang='lat' dir='ltr'>XI</span> <span class='ocrx_word' id='word_1_273' title='bbox 912 4660 964 4710; x_wconf 86' lang='grc'>822</span> <span class='ocrx_word' id='word_1_274' title='bbox 980 4655 1092 4725; x_wconf 86' lang='lat' dir='ltr'>quIcum</span> <span class='ocrx_word' id='word_1_275' title='bbox 1106 4651 1207 4726; x_wconf 86' lang='lat' dir='ltr'>partiri</span> <span class='ocrx_word' id='word_1_276' title='bbox 1221 4669 1302 4708; x_wconf 79' lang='lat' dir='ltr'>curas</span> <span class='ocrx_word' id='word_1_277' title='bbox 1311 4685 1345 4694; x_wconf 92' lang='lat'><em>-</em></span> <span class='ocrx_word' id='word_1_278' title='bbox 1359 4659 1395 4708; x_wconf 92' lang='grc'>45</span> <span class='ocrx_word' id='word_1_279' title='bbox 1409 4653 1491 4726; x_wconf 82' lang='lat' dir='ltr'>Verg.</span> <span class='ocrx_word' id='word_1_280' title='bbox 1502 4656 1535 4711; x_wconf 89' lang='lat' dir='ltr'>A.</span> <span class='ocrx_word' id='word_1_281' title='bbox 1544 4655 1597 4712; x_wconf 88' lang='lat' dir='ltr'>VH</span> <span class='ocrx_word' id='word_1_282' title='bbox 1607 4663 1656 4711; x_wconf 88' lang='grc'>241</span> 
     </span>
     <span class='ocr_line' id='line_1_40' title="bbox 324 4741 1657 4817; baseline -0.002 -17"><span class='ocrx_word' id='word_1_283' title='bbox 324 4745 464 4816; x_wconf 82' lang='lat' dir='ltr'>iussisque</span> <span class='ocrx_word' id='word_1_284' title='bbox 491 4745 654 4817; x_wconf 78' lang='lat' dir='ltr'>ingentibus</span> <span class='ocrx_word' id='word_1_285' title='bbox 676 4747 710 4814; x_wconf 73' lang='lat' dir='ltr'>cs.</span> <span class='ocrx_word' id='word_1_286' title='bbox 725 4745 751 4799; x_wconf 88' lang='lat' dir='ltr'>V</span> <span class='ocrx_word' id='word_1_287' title='bbox 765 4751 852 4800; x_wconf 87' lang='grc'>2112</span> <span class='ocrx_word' id='word_1_288' title='bbox 871 4777 906 4786; x_wconf 91' lang='lat'><em>-</em></span> <span class='ocrx_word' id='word_1_289' title='bbox 924 4751 958 4800; x_wconf 73' lang='lat'>47</span> <span class='ocrx_word' id='word_1_290' title='bbox 983 4744 1034 4799; x_wconf 90' lang='lat' dir='ltr'>Ou.</span> <span class='ocrx_word' id='word_1_291' title='bbox 1049 4741 1131 4797; x_wconf 86' lang='lat' dir='ltr'>Trist.</span> <span class='ocrx_word' id='word_1_292' title='bbox 1147 4742 1185 4797; x_wconf 88' lang='lat' dir='ltr'>IV</span> <span class='ocrx_word' id='word_1_293' title='bbox 1199 4749 1224 4796; x_wconf 94' lang='grc'>2.</span> <span class='ocrx_word' id='word_1_294' title='bbox 1239 4747 1273 4796; x_wconf 85' lang='grc'>28</span> <span class='ocrx_word' id='word_1_295' title='bbox 1302 4742 1444 4814; x_wconf 81' lang='lat' dir='ltr'>proximus</span> <span class='ocrx_word' id='word_1_296' title='bbox 1467 4743 1516 4800; x_wconf 87' lang='lat' dir='ltr'>ille</span> <span class='ocrx_word' id='word_1_297' title='bbox 1540 4745 1605 4800; x_wconf 88' lang='lat' dir='ltr'>duci</span> <span class='ocrx_word' id='word_1_298' title='bbox 1624 4777 1657 4787; x_wconf 90' lang='grc'>-</span> 
     </span>
     <span class='ocr_line' id='line_1_41' title="bbox 324 4830 1658 4906; baseline -0.001 -16"><span class='ocrx_word' id='word_1_299' title='bbox 324 4841 358 4890; x_wconf 91' lang='grc'>51</span> <span class='ocrx_word' id='word_1_300' title='bbox 374 4835 457 4906; x_wconf 86' lang='lat' dir='ltr'>Verg.</span> <span class='ocrx_word' id='word_1_301' title='bbox 468 4835 500 4892; x_wconf 89' lang='lat' dir='ltr'>A.</span> <span class='ocrx_word' id='word_1_302' title='bbox 510 4835 562 4890; x_wconf 88' lang='lat' dir='ltr'>XII</span> <span class='ocrx_word' id='word_1_303' title='bbox 572 4839 624 4890; x_wconf 84' lang='grc'>455</span> <span class='ocrx_word' id='word_1_304' title='bbox 643 4834 720 4890; x_wconf 83' lang='lat' dir='ltr'>disce</span> <span class='ocrx_word' id='word_1_305' title='bbox 733 4853 803 4906; x_wconf 89' lang='lat' dir='ltr'>puer</span> <span class='ocrx_word' id='word_1_306' title='bbox 817 4835 953 4891; x_wconf 88' lang='lat' dir='ltr'>uirtutem</span> <span class='ocrx_word' id='word_1_307' title='bbox 966 4852 1000 4890; x_wconf 85' lang='lat' dir='ltr'>ex</span> <span class='ocrx_word' id='word_1_308' title='bbox 1014 4849 1059 4888; x_wconf 89' lang='lat' dir='ltr'>me</span> <span class='ocrx_word' id='word_1_309' title='bbox 1072 4847 1225 4902; x_wconf 87' lang='lat' dir='ltr'>uerumque</span> <span class='ocrx_word' id='word_1_310' title='bbox 1239 4830 1374 4903; x_wconf 87' lang='lat' dir='ltr'>laborem,</span> <span class='ocrx_word' id='word_1_311' title='bbox 1388 4832 1530 4888; x_wconf 83' lang='lat' dir='ltr'>fortunam</span> <span class='ocrx_word' id='word_1_312' title='bbox 1545 4850 1578 4889; x_wconf 88' lang='lat' dir='ltr'>ex</span> <span class='ocrx_word' id='word_1_313' title='bbox 1593 4833 1658 4889; x_wconf 83' lang='lat' dir='ltr'>aliis</span> 
     </span>
     <span class='ocr_line' id='line_1_42' title="bbox 325 4919 1657 4999; baseline 0.001 -19"><span class='ocrx_word' id='word_1_314' title='bbox 325 4925 448 4981; x_wconf 79' lang='grc'>1111115111</span> <span class='ocrx_word' id='word_1_315' title='bbox 463 4924 541 4996; x_wconf 83' lang='lat' dir='ltr'>Eleg.</span> <span class='ocrx_word' id='word_1_316' title='bbox 560 4925 598 4980; x_wconf 85' lang='lat' dir='ltr'>ad</span> <span class='ocrx_word' id='word_1_317' title='bbox 616 4924 707 4999; x_wconf 87' lang='lat' dir='ltr'>Pipin.</span> <span class='ocrx_word' id='word_1_318' title='bbox 726 4925 818 4981; x_wconf 83' lang='grc'>11155</span> <span class='ocrx_word' id='word_1_319' title='bbox 837 4942 894 4981; x_wconf 89' lang='lat' dir='ltr'>non</span> <span class='ocrx_word' id='word_1_320' title='bbox 912 4923 1038 4994; x_wconf 78' lang='lat' dir='ltr'>aliunde,</span> <span class='ocrx_word' id='word_1_321' title='bbox 1057 4924 1136 4997; x_wconf 86' lang='lat' dir='ltr'>peto,</span> <span class='ocrx_word' id='word_1_322' title='bbox 1155 4921 1184 4978; x_wconf 89' lang='lat' dir='ltr'>in</span> <span class='ocrx_word' id='word_1_323' title='bbox 1203 4919 1330 4994; x_wconf 86' lang='lat' dir='ltr'>genitore</span> <span class='ocrx_word' id='word_1_324' title='bbox 1348 4921 1478 4996; x_wconf 61' lang='lat' dir='ltr'>exempla</span> <span class='ocrx_word' id='word_1_325' title='bbox 1495 4923 1605 4995; x_wconf 89' lang='lat' dir='ltr'>require</span> <span class='ocrx_word' id='word_1_326' title='bbox 1624 4956 1657 4966; x_wconf 92' lang='lat'>—</span> 
     </span>
    </p>
   </div>
   <div class='ocr_carea' id='block_1_4' title="bbox 0 0 1929 5558">
    <p class='ocr_par' dir='ltr' id='par_1_6' title="bbox 0 0 1929 5558">
     <span class='ocr_line' id='line_1_43' title="bbox 0 0 1929 5558; baseline 0 0"><span class='ocrx_word' id='word_1_327' title='bbox 0 0 1929 5558; x_wconf 95' lang='lat' dir='ltr'> </span> 
     </span>
    </p>
   </div>
  </div>
 </body>
</html>
