3820 5558
843 419 873 476 P.
892 417 1029 474 PAPINII
1048 417 1166 474 STATII

548 580 695 647 Vindicis
719 581 879 648 artificum
901 587 1030 648 ueteres
1052 603 1227 669 agnoscere
1248 580 1367 646 ductus

552 693 585 754 et
607 711 673 755 non
696 689 861 776 inscriptis
883 694 1049 776 auctorem
1071 688 1204 754 reddere
1229 687 1353 776 signis?

551 795 630 862 haec
652 796 715 863 tibi
739 820 820 883 quae
844 797 939 864 docto
962 797 1102 862 multum
1125 796 1262 883 uigilata
1283 795 1412 880 Myroni

550 925 637 990 aera,
659 904 826 971 laboriferi
850 905 964 972 uiuant
987 927 1069 991 quae
1092 927 1253 970 marmora
1275 903 1363 968 caelo

549 1011 738 1097 Praxitelis,
762 1012 848 1098 quod
871 1013 952 1078 ebur
974 1012 1088 1078 Pisaeo
1112 1011 1230 1096 pollice
1253 1034 1375 1096 rasum,

551 1119 628 1204 quid
650 1119 840 1206 Polycliteis
863 1119 987 1185 iussum
1010 1119 1134 1205 spirare
1157 1118 1305 1203 caminis,

552 1226 637 1292 linea
660 1249 743 1314 quae
766 1233 909 1294 ueterem
931 1229 1028 1314 longe
1051 1226 1192 1293 fateatur
1214 1224 1366 1311 Apellen,

551 1335 760 1401 monstrabit:
795 1356 942 1420 namque⁸
954 1334 1042 1419 haec,
1061 1333 1211 1418 quotiens
1231 1333 1347 1426 chelyn
1366 1333 1464 1419 exuit,
1483 1333 1530 1397 illi

553 1439 675 1507 desidia
698 1447 762 1529 est,
783 1442 838 1508 hic
860 1441 976 1508 Aoniis
999 1463 1091 1507 amor
1113 1444 1229 1506 auocat
1252 1441 1363 1507 antris,

641 1549 722 1615 haec
745 1549 831 1616 inter
854 1554 960 1615 castae
983 1548 1099 1637 genius
1123 1548 1289 1633 tutelaque
1312 1570 1441 1613 mensae

549 1655 862 1743 Amphitryoniades
884 1656 987 1722 multo
1011 1678 1083 1721 mea
1105 1655 1193 1741 cepit
1216 1678 1324 1721 amore

549 1767 682 1848 pectora
703 1787 763 1830 nec
785 1767 884 1852 longo
908 1763 1041 1830 satiauit
1063 1763 1187 1828 lumina
1210 1763 1295 1830 uisu:

551 1875 661 1937 tantus
684 1872 789 1938 honos
811 1867 902 1958 op'eri
926 1871 1071 1956 finesque
1094 1870 1219 1936 inclusa
1241 1893 1301 1956 per
1323 1875 1411 1938 artos

550 1979 713 2044 maiestas!
751 1979 829 2044 deus
852 1979 922 2064 ille,
945 1977 1036 2043 deus!
1078 1999 1210 2063 seseque
1233 1978 1407 2044 uidendum

552 2084 701 2171 indulsit,
723 2087 882 2173 Lysippo,
905 2085 968 2151 tibi
992 2106 1176 2170 paruusque
1200 2085 1303 2152 uideri

550 2193 727 2278 sentirique
750 2193 879 2281 ingensl
916 2196 1046 2258 etcum
1070 2192 1229 2258 mirabilis
1252 2193 1338 2260 intra

551 2304 616 2366 stet
639 2323 788 2366 mensura
811 2300 939 2387 pedem,
962 2304 1072 2366 tamen
1096 2301 1275 2366 exclamare
1299 2303 1430 2386 libebit,

550 2409 577 2472 si
601 2407 691 2473 uisus
714 2431 773 2493 per
795 2407 942 2473 membra
964 2409 1061 2473 feres:
1098 2407 1172 2473 ‘hoc
1195 2413 1325 2494 pectore
1349 2433 1480 2496 pressus

551 2519 696 2581 uastator
719 2514 871 2596 Nemees,
894 2515 973 2580 haec
997 2514 1127 2580 exitiale
1151 2517 1300 2581 ferebant

552 2622 653 2687 robur
675 2625 709 2686 ct
730 2621 858 2709 Argoos
882 2622 1078 2709 frangebant
1102 2622 1234 2688 brachia
1259 2624 1385 2690 remos'

551 2753 584 2814 a,
608 2729 714 2814 spatio
738 2734 806 2795 tam
829 2752 948 2818 magna
970 2729 1064 2794 breui
1087 2729 1252 2794 mendacia
1275 2731 1409 2798 formae!

554 2837 627 2923 quis
649 2837 762 2903 modus
786 2837 820 2902 in
844 2836 971 2924 dextra,
995 2842 1115 2923 quanta
1138 2838 1339 2923 experientia
1362 2839 1448 2905 docti

555 2945 701 3030 artificis,
724 2947 810 3012 curis
833 2945 955 3031 pariter
977 2945 1158 3032 gestamina
1180 2968 1308 3012 mensae

552 3053 675 3140 fingere
700 3057 732 3118 et
755 3053 905 3140 ingentes
927 3052 1035 3118 animo
1059 3073 1187 3118 uersare
1211 3053 1364 3119 colossos!

553 3159 618 3225 tale
641 3182 701 3226 nec
724 3159 829 3226 Idaeis
852 3161 1024 3246 quicquam
1048 3159 1218 3225 Telchines
1241 3161 1276 3226 in
1298 3161 1400 3226 antris

545 3251 615 3332 ¹nec
634 3267 771 3334 stolidus
788 3267 928 3334 Brontes
946 3289 1018 3353 nec,
1038 3267 1092 3352 qui
1112 3267 1197 3353 polit
1215 3291 1304 3333 arma
1322 3269 1467 3356 deorum,

556 3375 708 3441 Lemnius
731 3375 849 3464 exigua
872 3375 1034 3460 potuisset
1056 3374 1166 3440 ludere
1189 3397 1301 3440 masse·

553 3505 612 3548 nec
636 3487 729 3548 torua
752 3483 877 3570 effigies
900 3481 1069 3568 epulisque
1092 3481 1197 3546 aliena
1218 3482 1373 3570 remissis,

558 3589 613 3656 sed
636 3591 764 3676 qualem
786 3589 874 3677 parci
899 3589 1012 3654 domus
1035 3589 1193 3655 admirata
1215 3589 1372 3656 Molorchi

552 3702 609 3762 aut
632 3697 731 3763 Aleae
754 3697 836 3762 lucis
859 3697 943 3762 uidit
964 3696 1111 3784 Tegeaea
1134 3697 1282 3762 sacerdos

556 3805 661 3891 qualis
683 3810 716 3871 et
739 3803 869 3872 Oetaeis
892 3804 1028 3870 emissus
1050 3803 1084 3868 in
1107 3808 1195 3870 astra
1216 3804 1338 3870 fauillis

417 3933 553 3942 --ἡ

427 4003 462 4052 25
490 3999 536 4054 hic
560 3999 613 4054 tibi
638 4018 652 4054 o
675 4033 708 4042 -
732 4007 767 4055 26
795 3999 879 4067 caeli;
908 4017 976 4056 corr.
996 4001 1139 4055 Acontius
1162 4031 1196 4039 —
1220 4004 1254 4052 ‘28
1283 3999 1359 4068 quod
1377 4000 1406 4054 P.
1423 4005 1463 4054 ςι
1482 4032 1516 4042 -
1535 4005 1570 4054 30
1595 4015 1673 4054 mon·

339 4087 453 4156 strauit3
481 4090 723 4146 corrueremus
750 4122 783 4130 -
813 4089 891 4144 exuit
913 4089 975 4158 ille;
1002 4107 1071 4146 corr.
1095 4091 1166 4146 idem
1194 4121 1228 4129 -
1259 4095 1293 4142 35
1321 4107 1371 4160 per
1393 4092 1471 4143 artus
1495 4091 1634 4160 (peractos
1657 4106 1674 4141 ι

337 4179 370 4231 ia
395 4195 481 4250 marg.
508 4185 519 4232 1
545 4179 620 4250 shq⁰
651 4183 729 4235 artus
753 4180 813 4249 A⁸);
848 4181 941 4235 firmos
974 4182 1140 4250 (tenuesque
1167 4179 1328 4234 Bromiaeus
1360 4179 1530 4247 iuuenesque
1559 4179 1675 4246 Polster)

339 4265 449 4322 inclusa
475 4284 526 4339 per
553 4271 646 4324 aretur
670 4289 684 4323 ο
712 4301 746 4310 -
775 4275 809 4323 39
836 4269 954 4339 pedum
991 4287 1060 4325 corr.
1089 4269 1249 4324 Politianaa
1275 4301 1311 4310 —
1338 4275 1373 4323 43
1402 4285 1434 4322 ac
1463 4267 1604 4339 spacium3
1638 4283 1674 4321 an

338 4356 466 4426 spatior
489 4375 518 4427 a,
542 4357 635 4429 spatio
658 4359 843 4416 Baehrcasias
866 4387 900 4400 —-
925 4365 958 4414 ta
983 4361 1033 4414 aut
1055 4358 1149 4414 taleae
1172 4360 1264 4428 (ctiam
1282 4359 1344 4428 A¹);
1372 4375 1441 4415 corr.
1460 4358 1581 4414 Herorol.
1600 4357 1673 4412 Bor·-

338 4446 423 4502 bms
442 4478 475 4486 -
494 4449 590 4517 tegern
609 4463 708 4506 como
727 4481 761 4490 —

429 4631 464 4680 25
483 4627 517 4694 cs.
537 4625 563 4680 ll
577 4631 602 4682 2.
613 4631 716 4697 dlaqq.
736 4659 769 4668 -
789 4633 823 4682 34
839 4627 936 4682 Claud.
952 4627 1012 4682 Stil.
1024 4627 1062 4681 111
1074 4633 1123 4682 197
1148 4643 1200 4681 nec
1215 4643 1291 4696 uaga
1301 4625 1405 4680 dilecto
1416 4626 1558 4681 satiantur
1566 4624 1674 4681 lumina

339 4712 420 4768 uultu
439 4716 474 4783 cs.
490 4717 528 4772 od
542 4715 665 4772 V1.175
684 4747 718 4758 —-
738 4722 771 4770 36
790 4717 874 4789 Verg.
894 4716 953 4771 Eoi.
968 4717 992 4770 V
1008 4721 1042 4770 64
1061 4717 1144 4784 deus,
1164 4716 1233 4770 deus
1252 4715 1301 4770 ille
1319 4715 1406 4770 Theb.
1421 4715 1445 4767 V
1458 4721 1506 4770 751
1527 4715 1596 4772 deus
1611 4715 1674 4782 iste,

340 4803 408 4858 deus
428 4836 461 4844 -
484 4805 714 4862 resiluisse
738 4805 872 4876 uirosque
890 4823 941 4877 per
958 4805 1054 4860 omnia
1073 4805 1144 4860 duco
1168 4837 1203 4846 -
1225 4805 1287 4862 Seu.
1307 4805 1387 4860 Herc.
1408 4805 1437 4860 F.
1456 4811 1509 4858 224
1536 4803 1674 4859 maximus

339 4891 462 4950 Nemeae
480 4895 565 4950 timor
583 4912 694 4966 pressus
713 4895 826 4950 lacertis
845 4896 954 4966 gemuit
972 4893 1118 4949 Herculeis
1137 4894 1181 4948 loo
1201 4927 1234 4936 -
1254 4899 1286 4949 51
1307 4896 1341 4964 cs.
1361 4894 1399 4948 111
1416 4900 1438 4950 1.
1449 4899 1485 4948 4⁰
1493 4911 1553 4963 sqq.
1572 4925 1607 4934 —
