3814 5552
776 437 962 496 SILVARVM
981 439 1006 494 11
1025 447 1041 493 a

456 603 618 689 depromit
641 603 794 688 pharetra
815 602 917 669 telum
941 602 1048 686 breue,
1072 603 1160 689 quod
1181 625 1286 689 neque
1308 604 1401 670 flexis

458 712 611 778 cornibus
633 714 691 775 aut
714 710 810 776 solito
833 714 965 796 torquet
988 711 1133 796 stridore,
1157 711 1213 775 sed
1236 732 1300 776 una

455 818 564 885 emisit
587 822 739 884 contenta
763 840 859 884 manu
882 816 1072 903 laeuamque
1097 841 1232 902 soporae

454 925 578 993 Naidos
601 948 714 991 auersa
736 927 840 990 i'ortur
862 924 1008 1012 tetigisse
1032 925 1160 1012 sagitta.

455 1033 511 1098 illa
534 1031 619 1098 diem
642 1032 764 1117 pariter
787 1053 921 1118 surgens
943 1032 1137 1116 hostemque
1160 1037 1350 1118 proteruum

455 1139 538 1205 uidit
562 1144 595 1204 et
618 1139 651 1204 in
673 1139 806 1225 fontem,
828 1138 942 1205 niueos
965 1161 1004 1204 ne
1029 1139 1185 1223 panderet
1206 1145 1305 1226 artus,

456 1247 501 1312 sie
525 1251 595 1312 tote
617 1269 691 1312 eum
714 1250 805 1313 ueste
828 1246 894 1312 ruit
916 1246 1105 1334 stagnisque
1128 1247 1189 1312 sub
1213 1248 1288 1314 altis

455 1355 544 1420 Pana
567 1354 658 1440 sequi
681 1354 813 1420 eredens
837 1354 901 1419 ima
922 1353 1008 1420 letus
1031 1353 1177 1440 implicat
1200 1355 1281 1444 alga.

455 1461 533 1548 quid
555 1462 676 1527 faceret
698 1461 808 1527 subito
832 1462 985 1546 deeeptus
1008 1462 1150 1547 praedo?
1181 1485 1241 1528 nee
1264 1463 1338 1528 altis

455 1570 582 1634 eredere
606 1591 723 1653 eorpus
740 1568 839 1660 ,aquis
862 1568 966 1634 hirtae
989 1569 1053 1635 sibi
1076 1569 1223 1635 eonsoius
1246 1571 1343 1636 audet

456 1664 551 1762 pellis
575 1680 608 1741 et
631 1699 650 1740 a
673 1681 784 1742 tenero
808 1675 906 1742 nandi
929 1676 1026 1742 rudis.
1073 1676 1181 1742 omnia
1205 1683 1347 1765 questus,

455 1783 612 1850 immitem
636 1783 811 1870 Bromium,
835 1788 950 1870 stagna
974 1773 1082 1850 inuida
1105 1789 1138 1850 et
1160 1784 1270 1850 inuida
1293 1785 1367 1870 tela,

454 1891 652 1977 primaeuem
675 1891 747 1957 uisu
771 1891 949 1978 platanum,
972 1891 1023 1956 eui
1046 1892 1145 1979 longa
1168 1913 1315 1979 propago

454 1999 705 2084 innumeraeque
729 2021 842 2064 manus
866 2004 899 2064 et
922 1999 1026 2064 iturus
1050 1999 1083 2064 in
1106 1999 1237 2065 aethera
1260 2005 1381 2086 uertex,

456 2105 606 2192 deposuit
629 2105 720 2172 iuxta
743 2106 915 2191 niuemque
938 2106 1081 2193 adgessit
1102 2107 1255 2172 harenam
1374 2137 1376 2143 ·

456 2213 642 2299 optatisque
665 2213 809 2300 aspergit
832 2213 924 2298 aquis
948 2217 981 2279 et
1003 2213 1082 2279 talia
1104 2213 1249 2279 mandat:

453 2321 539 2387 ‘uiue
563 2321 618 2401 diu
640 2321 745 2387 nostri
768 2321 887 2408 pignus
910 2321 1119 2388 memorabile
1142 2321 1222 2406 uoti,

453 2429 559 2514 arbor,
583 2432 616 2493 et
639 2429 718 2494 haee
741 2429 839 2494 durae
861 2427 1025 2494 latebrosa
1048 2428 1166 2494 cubilia
1189 2430 1350 2514 nymphae

453 2542 488 2601 tu
512 2535 627 2601 saltem
650 2535 784 2601 declinis
807 2557 887 2620 ama,
912 2557 1022 2620 preme
1044 2535 1216 2601 frondibus
1239 2537 1365 2602 undam.

452 2644 508 2708 illa
531 2643 660 2728 quidem
682 2642 810 2728 meruit,
833 2642 962 2730 sedne,
985 2665 1108 2728 precor,
1131 2643 1206 2730 igne
1229 2665 1368 2728 superno

452 2754 576 2816 aestuet
599 2755 655 2816 aut
678 2750 759 2816 dura
780 2750 916 2815 feriatur
938 2749 1102 2836 grandine,
1126 2753 1253 2816 tantum

452 2880 604 2946 spargere
628 2862 664 2922 tu
687 2856 816 2922 laticem
840 2862 873 2922 et
895 2856 983 2922 foliis
1005 2856 1138 2922 turbare
1161 2861 1331 2924 memento.

451 2970 529 3032 tuno
547 2987 608 3053 ego
628 2969 724 3049 teque
743 2965 798 3030 diu
816 2963 955 3030 recolam
975 2963 1201 3050 dominamque
1221 2964 1381 3056 benignae

451 3073 536 3140 sedis
560 3077 593 3139 et
615 3073 736 3138 inlaesa
758 3071 892 3138 tutabor
915 3075 1084 3158 utramque
1108 3077 1245 3158 senecta,

451 3187 488 3247 ut
510 3180 607 3266 louis,
631 3185 669 3245 ut
690 3179 816 3245 Phoebi
839 3179 978 3264 irondes,
1001 3184 1038 3244 ut
1061 3178 1200 3245 disoolor
1223 3180 1338 3246 umbra

451 3287 593 3373 populus
616 3292 649 3352 et
670 3291 800 3353 nostrae
823 3290 974 3370 stupeant
997 3290 1055 3351 tua
1076 3286 1222 3372 germina
1244 3287 1362 3372 pinus’

451 3396 496 3461 sie
520 3394 574 3460 ait.
620 3394 677 3460 ille
699 3394 749 3460 dei
774 3399 899 3460 ueteres
922 3393 1064 3460 animata
1086 3394 1208 3459 calores

453 3502 610 3568 uberibus
633 3501 757 3590 stagnis
781 3500 915 3586 obliquo
938 3499 1078 3586 pendula
1101 3505 1215 3566 trumeo

450 3610 583 3676 incubat
606 3613 704 3694 etque
728 3607 852 3674 umbris
875 3611 1037 3673 scrutatum
1060 3607 1245 3674 amantibus
1268 3611 1378 3676 undas.
1482 3593 1485 3600 ¹

450 3722 559 3802 sperat
583 3722 616 3781 et
638 3716 816 3802 amplexus,
839 3716 894 3782 sed
917 3737 1072 3801 aquarum
1095 3715 1230 3800 spiritus
1252 3720 1340 3782 erest

450 3847 508 3890 nee
532 3824 656 3924 patitur
679 3828 793 3888 taetus.
839 3822 968 3888 tandem
992 3821 1133 3888 eluctata
1155 3824 1216 3887 sub
1241 3845 1334 3890 auras

237 3956 298 3963 .—-
304 3953 448 3962 -Q—-a

326 4044 360 4093 99
392 4035 645 4106 leuemque1¹fl²
680 4035 800 4105 leaeque
823 4035 944 4089 vm
984 4034 1133 4105 leuumque
1157 4040 1221 4088 Gau
1259 4067 1290 4076 -
1328 4051 1468 4108 soporem
1500 4055 1569 4094 corr.

237 4131 381 4185 Kreteias
407 4157 440 4168 -
471 4125 763 4197 81deemparitero
790 4157 825 4165 -
853 4129 888 4178 98
911 4125 1053 4180 Bromium
1072 4126 1299 4181 Lundstroemius
1335 4125 1429 4180 Brimo
1449 4126 1570 4198 &altger

237 4251 270 4260 -
302 4225 335 4272 39
360 4216 426 4271 nisu
452 4217 595 4272 Krolmius
628 4248 655 4254 -
690 4219 724 4267 ⁴5
751 4229 816 4268 ama
841 4215 870 4268 et
893 4229 988 4284 preme
1017 4215 1204 4270 Martloudus
1230 4244 1265 4253 —
1298 4219 1332 4268 47
1361 4214 1424 4269 dira
1451 4215 1569 4270 feriatur

237 4309 372 4365 Schrader
397 4339 431 4348 —
458 4309 491 4358 53
517 4303 631 4359 imitata
656 4303 762 4358 calores
788 4303 975 4359 Martluudus
1000 4335 1033 4344 -
1061 4310 1093 4358 55
1120 4302 1227 4358 umbris
1245 4322 1263 4356 ι
1291 4305 1321 4357 ia
1344 4322 1399 4374 quo
1421 4306 1568 4359 udrwlauit

235 4416 395 4472 Pontianus
422 4417 453 4467 vl
471 4411 594 4468 humeris
612 4389 663 4482 viii
677 4415 734 4466 ÷i
751 4407 786 4464 11⁰
800 4409 910 4482 poggii;
934 4411 1041 4464 umbris
1056 4413 1083 4462 Ι
1100 4413 1132 4466 in
1146 4413 1268 4482 margine
1282 4415 1294 4464 l
1309 4411 1412 4466 umeris
1423 4429 1494 4466 oran.
1506 4417 1521 4466 1
1534 4443 1565 4451 -

235 4547 340 4554 -φο
368 4545 447 4552 ,-

324 4635 358 4684 34
378 4627 429 4684 Ou.
445 4627 512 4684 Met.
527 4627 552 4682 V
566 4633 616 4682 601
645 4627 718 4682 sicut
745 4643 821 4681 eram
847 4624 926 4696 fugio
954 4624 1014 4680 sine
1042 4624 1169 4680 uestibus
1198 4657 1230 4666 -
1258 4630 1291 4679 37
1311 4626 1414 4680 Auson.
1430 4623 1498 4680 bles.
1516 4631 1567 4680 189

234 4717 407 4788 rudibusque
430 4717 549 4773 natandi
572 4718 681 4790 Satyris
708 4748 739 4756 -
769 4721 803 4770 43
822 4715 873 4770 Ou.
888 4715 952 4770 Her.
967 4714 992 4769 V
1008 4721 1040 4768 25
1064 4713 1180 4785 popule,
1204 4714 1269 4770 uiue
1287 4731 1385 4786 precor
1404 4745 1437 4755 -
1460 4714 1563 4770 Lucan.

234 4809 273 4864 IX
287 4813 339 4862 994
357 4806 460 4878 pignus
479 4805 661 4861 memorabile
678 4838 711 4846 —
731 4811 762 4859 ol
784 4803 866 4876 Verg.
882 4805 914 4859 A.
929 4803 993 4858 VIII
1009 4808 1060 4858 976
1079 4803 1218 4858 Herculea
1237 4802 1345 4859 bicolor
1363 4819 1426 4858 eum
1444 4803 1565 4874 populus

233 4898 334 4954 umbra
351 4929 384 4939 -
