3814 5552
756 473 941 528 suvsevn
961 473 1000 528 111
1020 479 1033 527 1

441 639 626 707 innumerae
650 637 754 704 coiere
777 660 898 704 manua
941 637 992 704 his
1016 637 1146 704 caedere
1169 637 1269 704 siluas

443 750 476 811 et
497 746 606 812 leuare
628 746 751 830 trabes,
774 744 839 811 illis
863 745 1053 832 immergere
1076 767 1170 812 curae

441 853 651 920 fundamenta
673 852 751 929 solo.
796 852 949 936 coquitur
972 874 1048 937 pers
1070 851 1203 917 humide
1225 857 1329 918 terrae

441 964 628 1046 protectura
650 959 773 1025 hiemes
796 964 893 1044 atque
916 959 1085 1026 exclusura
1108 959 1241 1044 pruinas

442 1067 682 1153 indomitusque
705 1066 787 1132 silex
810 1088 910 1132 ciuus
931 1067 1061 1132 fornace
1083 1065 1243 1151 liquescit.

442 1175 634 1262 praecipuus
657 1175 714 1240 sed
737 1173 823 1240 enim
845 1173 939 1240 labor
962 1177 1013 1240 est
1035 1174 1203 1241 excindere
1227 1174 1341 1242 dextre

444 1282 613 1369 oppositas
635 1303 734 1367 rupes
756 1285 791 1346 et
813 1303 890 1348 saxa
912 1281 1066 1368 negantia
1089 1282 1190 1366 ferro;

442 1391 496 1458 hic
518 1394 612 1475 pater
634 1389 706 1474 ipse
728 1387 791 1454 loci
815 1387 932 1474 positis
954 1387 1145 1474 Tirynthius
1167 1388 1265 1454 armis

443 1498 572 1564 insudet
594 1496 765 1582 ualideque
788 1496 892 1562 solum
916 1496 1058 1562 deforme
1082 1495 1230 1580 bipenni,

443 1629 516 1672 cum
538 1627 638 1692 greue
660 1607 820 1670 nocturne
842 1602 967 1668 caelum
990 1603 1176 1670 subtexitur
1199 1603 1327 1689 umbre,

443 1713 513 1799 ipse
536 1711 627 1778 fodit.
668 1711 816 1796 ditesque
839 1709 962 1796 Caprae
981 1709 1165 1796 uiridesque
1187 1711 1348 1778 resultent

443 1819 647 1887 Taurubulae
671 1822 704 1884 et
727 1818 823 1884 terris
845 1817 961 1905 ingens
983 1818 1068 1884 redit
1090 1818 1239 1904 aequoris
1262 1820 1349 1885 echo.

443 1951 508 1996 non
532 1931 599 1992 tam
622 1926 742 2013 grande
766 1929 860 1991 sonat
882 1925 980 1994 motis
1003 1925 1175 1991 incudibus
1197 1925 1315 2012 Aetne,

444 2059 516 2102 cum
535 2033 674 2100 Brontes
693 2031 909 2118 Steropesque
928 2032 1017 2116 ferit,
1036 2055 1095 2100 nec
1113 2032 1216 2098 maior
1234 2034 1276 2099 eb
1295 2033 1396 2100 antris

442 2141 622 2209 Lemniacis
645 2141 756 2226 fragor
778 2143 841 2226 est,
864 2139 921 2206 ubi
944 2140 1112 2206 flammeus
1134 2140 1249 2228 aegida
1272 2142 1375 2207 caelat

442 2249 602 2316 Mulciber
625 2252 658 2313 et
680 2247 779 2313 castis
802 2251 937 2313 exornat
959 2247 1093 2314 Pallada
1114 2247 1215 2314 donis.

445 2359 634 2424 decrescunt
656 2355 781 2440 scopuli
805 2358 838 2420 et
860 2377 953 2420 rosea
975 2355 1037 2420 sub
1060 2354 1131 2420 luce
1155 2355 1276 2422 reuersi

443 2465 583 2531 artifices
605 2462 764 2528 mirentur
787 2483 878 2546 opus.
924 2461 980 2526 uix
1003 2483 1107 2528 annus
1129 2461 1261 2529 anhelat

443 2574 539 2658 alter,
562 2575 595 2636 et
618 2569 744 2658 ingenti
768 2569 858 2634 diues
880 2567 1072 2654 Tirynthius
1094 2592 1166 2636 erce

444 2681 610 2764 despectat
633 2679 750 2742 fluctus
773 2681 807 2741 et
828 2676 957 2742 iunctae
980 2680 1067 2744 tecta
1088 2699 1245 2744 nouercae

445 2790 602 2873 prouocat
624 2789 658 2850 et
681 2783 789 2871 dignis
811 2782 931 2850 inuitat
953 2783 1085 2850 Pallade
1108 2785 1249 2870 templis.

444 2895 509 2960 iam
528 2891 672 2978 placidae
690 2891 769 2956 dant
787 2890 881 2978 signa
899 2891 1010 2975 tubae,
1030 2891 1094 2956 iam
1112 2891 1254 2958 fortibus
1272 2893 1387 2960 ardens

443 3002 548 3067 fumet
569 2999 690 3064 herene
712 2997 823 3064 sacris:
859 2998 1001 3063 bosnec
1023 2997 1157 3065 Pisaeus
1179 2999 1318 3066 honores
1513 3017 1564 3065 140

443 3107 593 3193 Iuppiter
614 3110 672 3172 aut
694 3104 826 3172 Cirrhae
849 3110 943 3190 pater
965 3111 1156 3190 aspernetur
1178 3129 1306 3192 opacae.
1467 3171 1471 3180 ,

359 3273 361 3278 .
444 3214 491 3280 nil
514 3213 567 3280 his
589 3213 684 3280 triste
707 3212 800 3278 locis:
837 3212 929 3278 cedet
952 3212 1161 3279 lacrimabilis
1183 3211 1339 3300 Isthmos,

445 3322 538 3388 cedet
560 3325 654 3388 atrox
677 3319 813 3404 Nemee,
835 3319 910 3384 litat
932 3319 986 3385 hic
1008 3318 1133 3386 felicior
1156 3320 1270 3388 infans.

445 3429 534 3514 ipsae
559 3427 716 3514 pumiceis
738 3426 859 3492 uirides
881 3425 1036 3493 Nereidas
1059 3428 1161 3494 antris

445 3535 583 3604 exiliunt
606 3535 705 3600 ultro:
743 3533 886 3619 scopulis
909 3535 1096 3602 umentibus
1119 3536 1253 3602 haerent

445 3665 504 3710 uec
527 3642 629 3728 pudet
651 3641 777 3708 occulte
798 3641 901 3708 nudas
924 3646 1071 3727 spectare
1094 3644 1280 3727 palaestras.

445 3754 573 3836 spectet
595 3755 628 3816 et
650 3749 753 3816 Icario
776 3771 965 3816 nemorosus
988 3750 1122 3834 palmite
1145 3749 1272 3818 Gaurus

447 3858 607 3943 siluaque,
630 3877 711 3942 quae
734 3857 832 3922 fixam
856 3855 973 3943 pelago
996 3856 1117 3922 Nesida
1140 3864 1285 3943 coronat,

446 3971 479 4031 et
502 3963 649 4050 placidus
671 3963 788 4031 Limon
811 3985 968 4049 omenque
991 3963 1140 4049 Euploea
1162 3965 1280 4032 carinis

323 4148 374 4198 199
393 4141 522 4212 ditesque
535 4157 632 4212 capre;
661 4139 734 4195 dites
749 4138 872 4210 Capreae
887 4159 901 4196 c
916 4172 948 4182 -
970 4146 1020 4196 199
1039 4141 1097 4195 iem
1112 4139 1233 4196 sortibus
1248 4141 1364 4214 Lipsius
1375 4142 1434 4198 iam
1448 4141 1565 4197 insonti·

234 4233 287 4288 bus
310 4233 497 4288 Marianas
523 4264 557 4273 —
587 4235 638 4286 149
661 4246 786 4299 namess;
810 4237 916 4286 cort&
943 4262 976 4270 —
1006 4235 1058 4286 144
1082 4229 1209 4301 puniceis
1227 4231 1265 4285 Β
1285 4233 1375 4302 codd.;
1404 4249 1472 4289 corr.
1492 4251 1509 4286 e
1532 4265 1565 4274 -

235 4328 285 4377 149
303 4321 372 4377 limo
390 4336 561 4390 numenque;
588 4319 676 4375 limon
694 4325 718 4374 4
745 4335 882 4388 omenque
902 4319 1027 4391 0494149
1044 4352 1079 4360 -

323 4505 375 4556 118
403 4499 471 4556 suu.
486 4497 525 4554 Ν
539 4503 563 4554 9,
578 4503 613 4554 49
641 4501 804 4568 oqaantec
829 4497 935 4569 pariter
957 4515 1058 4554 manua
1085 4497 1230 4556 laborant!
1261 4497 1292 4555 bi
1320 4500 1442 4556 caedunt
1468 4517 1566 4556 nemus

233 4593 393 4661 exuuntque
411 4592 534 4658 montes,
558 4589 586 4644 hi
605 4589 678 4643 ferro
697 4588 826 4658 scopulos
849 4588 1000 4658 trabesque
1018 4587 1117 4644 leuant
1143 4621 1176 4630 -
1206 4595 1257 4644 190
1275 4590 1360 4644 Anth.
1375 4589 1462 4661 epigr.
1477 4595 1566 4644 9994

233 4679 418 4736 mndemeute
441 4679 500 4734 solo
528 4711 563 4720 —
593 4685 643 4733 199
662 4677 745 4750 Vsrg.
764 4679 797 4731 A.
812 4677 877 4732 vm
892 4683 943 4732 449
966 4678 1080 4734 fornace
1098 4677 1231 4749 liquescit
1254 4713 1288 4722 —
1313 4684 1363 4734 197
1382 4678 1470 4734 Theb.
1486 4679 1498 4734 1
1512 4685 1564 4734 946

233 4768 360 4824 subtexit
372 4785 429 4823 nox
442 4770 505 4822 atra
518 4767 599 4838 polos
622 4766 708 4822 Theb.
719 4767 745 4822 11
755 4771 806 4822 997
826 4769 958 4838 coeperat
971 4767 1079 4824 umenti
1092 4767 1236 4826 Phoebum
1250 4769 1397 4824 subtexere
1411 4767 1490 4839 palla
1504 4768 1566 4825 Nox

232 4861 269 4926 cs.
285 4857 391 4912 11141e
415 4889 448 4900 -
478 4863 528 4914 130
546 4857 629 4929 Verg.
644 4855 677 4912 G.
692 4856 730 4912 IV
745 4862 796 4910 179
819 4857 909 4927 gemit
926 4856 1067 4927 impositis
1086 4857 1234 4914 mcudibus
1253 4859 1346 4914 Aetna
1368 4889 1403 4900 -
1427 4863 1476 4912 191
1497 4859 1565 4934 Sile.

234 4947 319 5002 11.4
338 4947 483 5019 Steropem
501 4947 689 5016 Brontemque
708 4977 741 4987 —
762 4945 976 5002 1498114119.
993 4951 1026 5004 79
1045 4963 1127 5004 omen
1144 4947 1212 5004 felix
1230 4948 1358 5020 Euploea
1374 4946 1478 5006 urinis
1496 4979 1531 4992 -
