3820 5558
838 423 868 479 P.
887 422 1024 478 PAPlNlI
1044 423 1160 478 STATII

633 539 847 650 non'lardum
870 609 970 673 graue
994 586 1152 653 debilisue
1175 609 1289 674 perna,

634 714 699 758 non
721 693 895 778 Lucanica,
917 715 983 760 non
1006 717 1123 782 graues
1145 693 1299 782 Phalisci,

633 823 700 867 non
722 799 770 866 sal
793 823 1017 886 oxypornmue
1041 824 1193 868 wedene

633 913 691 974 out
713 930 821 994 panes·
835 907 1006 976 uiridantis
1028 909 1210 994 aphronitri

632 1015 686 1082 nel
709 1037 841 1101 passum
864 1016 996 1100 psithiis
1019 1016 1086 1082 suis
1108 1021 1270 1084 recoctum

633 1123 719 1189 dnloi
742 1123 870 1190 defruta
893 1123 946 1188 uel
968 1123 1076 1190 lutosa
1099 1127 1219 1190 caeno?

634 1235 791 1316 quantum
813 1252 873 1296 nec
896 1229 971 1297 dare
995 1252 1103 1296 cereos
1126 1231 1250 1298 olentes

634 1337 802 1404 cultellum
825 1342 979 1404 tenuesue
1003 1338 1190 1405 codicillos?

633 1445 763 1532 ollares,
785 1467 880 1533 rogo,
902 1467 968 1512 non
990 1445 1111 1512 licebat
1133 1469 1227 1533 uuna,

635 1552 778 1621 Cumano
802 1553 932 1638 patinas
953 1552 988 1619 in
1011 1553 1091 1619 orbe
1114 1557 1217 1620 tortoe

633 1665 691 1726 aut
713 1682 810 1728 unam
834 1661 909 1726 darc
932 1660 1102 1746 syntheain
1126 1661 1219 1748 (qnid
1240 1661 1390 1750 horresl)

634 1768 783 1835 alborum
806 1767 942 1834 calicum
965 1772 1062 1853 atquo
1085 1768 1318 1836 caccaborum?

634 1876 690 1942 sed
713 1879 801 1941 certa
824 1876 915 1942 uelut
937 1897 1061 1961 aequus
1083 1875 1117 1941 in
1141 1879 1262 1942 statera

633 1983 680 2049 nil
704 1987 823 2062 mutas,
846 1982 902 2048 sed
925 1982 1011 2048 idem
1033 1983 1113 2049 mihi
1137 1983 1296 2070 rependis.

634 2090 712 2176 qnid
735 2090 776 2177 si,
799 2112 872 2156 curn
892 2089 974 2156 bene
997 2113 1091 2156 mane
1115 2091 1313 2158 semicrudus

634 2198 768 2264 inlatam
791 2197 854 2264 tibi
877 2196 988 2263 dixero
1012 2197 1163 2285 salutem,

634 2311 667 2371 et
690 2311 727 2372 tu
750 2327 801 2370 me
824 2305 953 2370 uicibus
976 2305 1063 2370 domi
1086 2305 1208 2372 salutes

634 2416 703 2498 aut,
726 2434 798 2478 eum
822 2435 873 2478 me
897 2413 979 2498 dape
1002 2412 1123 2478 iuueris
1146 2413 1270 2498 opima,

634 2524 786 2605 expectes
808 2519 931 2586 similes
955 2523 988 2586 et
1011 2520 1081 2605 ipse
1105 2521 1221 2586 cenas?

634 2628 753 2693 irascor
776 2626 853 2714 tibi,
889 2627 1013 2714 Grypo,
1037 2626 1092 2692 sed
1115 2627 1253 2714 ualebis3

633 2738 761 2801 tantum
783 2757 824 2800 ne
847 2734 942 2821 mihi,
965 2756 1028 2820 quo
1052 2735 1136 2800 soles
1159 2734 1283 2823 lepore,

632 2847 667 2908 et
688 2865 774 2908 nunc
797 2841 1084 2929 hendecasyllabos
1107 2842 1267 2909 remittas!
1630 2862 1664 2911 55

421 3079 455 3126 34
478 3073 588 3128 lardum
606 3072 692 3128 breue
710 3073 898 3130 narrandus
921 3105 955 3114 —
983 3079 1017 3128 38
1036 3073 1101 3128 imis
1119 3074 1274 3144 recoctnm3
1297 3075 1402 3131 coras*
1427 3105 1463 3114 -
1490 3080 1525 3129 49
1544 3073 1664 3131 inlotam

333 3163 477 3220 Tarmita
497 3195 528 3204 -
549 3167 583 3218 54
602 3165 715 3218 tantum
733 3179 790 3231 me;
809 3180 877 3219 corr.
893 3181 910 3216 ι
929 3195 963 3203 -
983 3163 1059 3234 quod
1078 3163 1151 3219 solas
1169 3162 1271 3234 lepori3
1291 3181 1359 3220 corr.
1375 3181 1390 3216 o
1408 3195 1441 3204 -
