3814 5552
833 387 863 443 P.
882 385 1020 442 PAPINII
1039 385 1158 442 suurn

989 1260 1006 1324 1

606 1375 704 1473 Quod
727 1403 790 1468 tibi
814 1401 993 1488 praerepti,
1015 1401 1140 1488 Melior,
1164 1402 1308 1469 solamen
1332 1402 1454 1468 alumni

545 1510 716 1596 improbus
739 1515 815 1576 ante
839 1531 936 1597 rogos
960 1514 992 1575 et
1015 1509 1120 1575 adhue
1143 1509 1274 1577 uiuente
1297 1510 1411 1576 fauilla
1443 1569 1446 1572 .

548 1617 675 1683 ordiar?
708 1617 859 1703 abruptis
882 1616 981 1683 etiam
1002 1639 1088 1683 nunc
1112 1617 1221 1684 flebile
1245 1619 1336 1684 uenis

548 1725 666 1790 uulnus
689 1723 759 1790 hiat
781 1745 981 1812 magnaeque
1006 1728 1097 1810 patet
1120 1725 1174 1790 uia
1196 1725 1322 1791 lubrica
1344 1724 1471 1812 plagae,

547 1853 620 1897 cum
643 1831 707 1896 iam
731 1835 860 1919 egomet
883 1836 997 1897 cantus
1020 1835 1053 1895 et
1076 1833 1177 1898 uerba
1200 1832 1362 1898 medentia
1385 1854 1500 1899 saeuus
1651 1847 1667 1898 6

546 1940 690 2004 confero:
713 1944 749 2004 tu
774 1938 923 2024 planctus
946 1938 1151 2023 lamentaque
1173 1939 1273 2006 fortia
1295 1938 1399 2006 mauis

547 2046 709 2132 odistique
733 2046 849 2131 chelyn
873 2045 1033 2130 surdaque
1056 2046 1213 2112 auerteris
1236 2069 1321 2112 aure.

547 2153 744 2238 intempesta
767 2175 860 2219 cauo:
884 2152 980 2218 citius
1004 2175 1055 2218 me
1079 2153 1174 2241 tigris
1197 2153 1322 2220 abactis

547 2260 670 2326 fetibus
694 2259 869 2346 orbatique
892 2259 994 2326 uelint
1017 2260 1126 2326 audire
1149 2260 1268 2328 leones.

546 2389 606 2434 nec
629 2368 656 2433 si
680 2367 896 2455 tergeminum
919 2366 1027 2433 Sicula
1049 2367 1088 2433 de
1112 2367 1239 2455 uirgine
1262 2391 1391 2435 carmen
1635 2386 1667 2436 ιο

547 2475 660 2540 affluat
683 2479 740 2541 aut
763 2474 855 2540 siluis
878 2474 989 2559 chelys
1012 2475 1177 2541 intellecta
1200 2475 1349 2562 ferisque,

548 2581 688 2647 mulceat
710 2581 841 2647 insanos
864 2582 1013 2670 gemitus.
1056 2586 1121 2646 stat
1144 2586 1275 2667 pectore
1299 2583 1429 2649 demens

547 2689 655 2754 luctus
679 2692 712 2753 et
734 2689 864 2755 admoto
887 2689 1009 2754 latrant
1032 2689 1219 2776 praecordia
1242 2694 1340 2757 tactu.

637 2819 732 2862 nemo
758 2801 859 2862 uetat:
883 2797 1002 2863 satiare
1024 2796 1119 2864 malis
1142 2819 1339 2886 aegrumque
1362 2799 1506 2866 dolorem

548 2905 700 2970 libertate
724 2904 826 2970 doma.
850 2943 894 2954 —
917 2904 982 2970 iam
1005 2904 1102 2971 flendi
1127 2904 1257 2990 expleta
1281 2906 1434 2993 uoluptas
1636 2923 1669 2972 15

547 3013 676 3097 iamque
699 3033 811 3096 preces
834 3012 938 3078 fessus
960 3034 1026 3078 non
1050 2999 1229 3100 indignaris
1252 3012 1393 3079 amicas?

548 3120 654 3184 iamne
677 3119 811 3184 canam?
843 3119 985 3186 lacrimis
1009 3142 1049 3186 en
1072 3124 1105 3185 et
1128 3143 1199 3186 mea
1223 3119 1365 3186 carmine
1389 3119 1518 3205 inipso

550 3249 606 3293 ora
628 3228 742 3291 natant
765 3227 939 3312 tristesque
963 3226 1082 3293 cadunt
1105 3227 1138 3291 in
1162 3227 1263 3292 uerba
1286 3226 1411 3292 liturae.

550 3333 620 3419 ipse
644 3333 764 3399 etenim
788 3337 895 3399 tecum
917 3333 1031 3420 nigrae
1054 3333 1222 3398 sollemnia
1245 3356 1384 3420 pompae

550 3445 797 3527 spectatumque
820 3439 903 3506 Vrbi
927 3440 1031 3507 scelus
1055 3445 1087 3506 et
1110 3441 1234 3526 puerile
1257 3441 1413 3508 feretrum
1637 3459 1671 3508 ro

549 3547 697 3634 produxi,
721 3569 835 3612 saeuos
858 3547 1000 3613 damnati
1025 3548 1107 3614 turis
1130 3569 1261 3614 aceruos

548 3655 794 3741 plorantemque
818 3655 957 3721 animam
981 3677 1078 3740 supra
1100 3657 1293 3746 suagfunera
1316 3655 1384 3720 uidi

549 3767 645 3848 teque
663 3766 792 3847 patrum
811 3763 951 3850 gemitus
969 3766 1176 3848 superantem
1196 3767 1230 3827 et
1248 3762 1380 3829 brachia
1398 3767 1539 3830 matrum

550 3869 818 3954 complexumque
842 3892 940 3957 rogos
962 3870 1135 3958 ignemque
1158 3869 1288 3936 haurire
1310 3873 1478 3956 parantem

336 4017 548 4026 ..η-

426 4107 439 4154 1
457 4099 621 4156 Glaucias
640 4098 757 4156 Atedii
776 4099 933 4155 Melioris
953 4099 1128 4156 delicatus
1147 4102 1210 4170 (etc,
1227 4103 1274 4156 sed
1293 4099 1440 4157 dedicatus
1455 4101 1503 4170 ff)
1517 4133 1552 4142 -
1570 4109 1586 4157 6
1606 4117 1670 4156 con·

336 4206 411 4259 serm
430 4207 500 4246 corr.
519 4209 537 4244 ι
555 4221 589 4232 -
610 4195 641 4244 11
662 4191 695 4244 ut
713 4188 806 4260 siluis3
826 4207 894 4246 corr.
909 4195 952 4244 Ba
970 4221 1004 4232 -
1030 4196 1062 4245 16
1082 4189 1175 4245 iamne
1195 4208 1208 4244 o
1232 4221 1265 4231 -
1287 4195 1371 4260 itaq.
1391 4189 1517 4246 carmina
1537 4233 1543 4244 .
1560 4235 1565 4246 .
1582 4233 1588 4246 .
1608 4206 1670 4258 ore;

336 4297 405 4337 corr.
426 4279 633 4336 Frieders'etius
651 4311 686 4320 -

424 4499 446 4549 1.
466 4500 482 4548 2
501 4493 541 4550 st.
557 4493 643 4548 Theb.
659 4493 711 4547 ΧΠ
724 4499 759 4548 46
778 4491 879 4548 uiuant
896 4509 947 4564 per
964 4493 1091 4549 membra
1109 4493 1225 4550 fauillae
1249 4527 1285 4536 —
1306 4501 1322 4549 4
1343 4493 1411 4549 Silu.
1431 4493 1456 4548 11
1476 4499 1500 4549 6.
1517 4500 1532 4548 '1
1552 4493 1670 4549 uulnera

337 4584 494 4656 ...plaga
512 4583 622 4638 V1.18
650 4615 685 4624 -
715 4583 827 4638 ⁷Boot.
846 4583 949 4638 consol.
974 4582 1075 4654 philos.
1094 4583 1107 4636 1
1127 4589 1150 4638 1.
1169 4589 1200 4638 16
1238 4583 1309 4640 eheu
1333 4599 1417 4652 quam
1442 4583 1528 4638 surda
1552 4582 1669 4638 miseras

337 4673 476 4730 auertitur
493 4690 561 4729 aure
575 4705 610 4713 —
628 4678 661 4726 al
677 4672 761 4744 Verg.
776 4674 808 4728 A.
823 4673 861 4726 IX
875 4679 927 4728 486
946 4689 998 4728 nec
1016 4674 1045 4726 te
1064 4673 1115 4727 tua
1133 4672 1229 4728 funere
1247 4675 1339 4728 mater
1357 4673 1477 4744 produxi
1495 4705 1530 4714 —
1548 4679 1582 4727 24
1599 4671 1667 4727 Silu.

337 4765 375 4818 Ill
395 4769 419 4818 6.
435 4769 451 4816 9
470 4763 701 4835 complexumque
719 4777 802 4831 rogos
827 4765 862 4828 el'.
878 4763 902 4816 V
918 4767 942 4817 t.
957 4767 991 4816 5⁵
1021 4793 1053 4803 -
1081 4761 1165 4833 Verg.
1186 4763 1216 4818 A.
1231 4761 1269 4816 IV
1285 4767 1334 4816 661
1357 4760 1471 4817 hauriat
1489 4762 1563 4816 hunc
1581 4761 1670 4816 oculis

337 4851 431 4923 ignem
458 4855 494 4920 cs.
515 4855 565 4907 Ou.
585 4851 653 4907 Met.
672 4851 763 4905 X252
791 4850 855 4906 Vll]
872 4857 924 4904 325
953 4851 1023 4906 Ciris
1044 4857 1094 4904 16³
1123 4851 1226 4906 Lucan.
1246 4851 1318 4906 ΧΠ
1348 4851 1419 4907 stat.
1440 4851 1527 4905 Theb.
1546 4851 1606 4905 Vc
1634 4881 1669 4891 -·
