3814 5552
737 460 921 516 SILVAltVM
940 460 997 514 11³
1016 459 1072 514 114

452 626 643 692 reddideras.
688 629 723 690 at
745 647 830 691 nune
852 629 982 690 aeterna
1005 623 1133 690 silentia
1156 623 1275 689 Lethes

453 734 507 798 ille
531 755 667 799 canorus
691 733 801 798 hahes.
848 733 939 796 cedat
962 731 1178 796 Phaethontia
1202 731 1292 818 uulgi

451 841 574 908 fabula:
598 863 663 906 nou
687 841 745 906 soli
771 840 935 906 celebrant
958 861 1016 904 sua
1039 840 1151 904 funem
1173 837 1279 926 cygni.

540 953 574 1014 at
598 948 660 1014 tihi
685 953 807 1034 quanta
830 947 944 1012 domus
966 945 1064 1012 rutila
1087 945 1248 1012 testudine
1272 946 1400 1032 fulgens

452 1079 657 1142 conexusque
681 1055 771 1122 ebori
797 1055 962 1142 uirgarum
985 1057 1156 1140 argenteus
1180 1053 1257 1119 ordo

451 1169 668 1251 argutumque
691 1168 748 1228 tuo
772 1161 941 1228 stridentia
964 1161 1076 1226 limina
1099 1183 1197 1226 cornu

450 1277 492 1356 et,
517 1271 670 1366 querulae
694 1271 755 1336 iam
781 1274 905 1356 sponte,
928 1270 1027 1334 fores!
1062 1273 1156 1334 uacat
1174 1268 1229 1334 ille
1248 1269 1363 1334 beatus

450 1403 558 1446 carcer
581 1384 613 1444 et
637 1377 766 1464 augusti
789 1399 951 1462 nusquam
974 1375 1119 1442 conuicia
1141 1376 1232 1442 tecti!

539 1487 601 1552 huc
625 1487 737 1551 doctae
760 1484 922 1570 stipentur
945 1507 1030 1570 anea,
1055 1484 1128 1568 quis
1150 1483 1261 1548 nobile
1284 1484 1372 1548 fandi

450 1595 500 1660 ius
523 1595 648 1661 Natura
672 1593 772 1659 dedit:
795 1593 931 1678 plangat
954 1591 1137 1656 Phoebeius
1160 1591 1226 1656 ales

450 1702 640 1787 auditasque
664 1723 787 1766 memor
812 1699 942 1785 penitus
967 1698 1128 1764 dimittere
1152 1719 1248 1764 uoces

449 1815 581 1876 sturnus
605 1813 638 1874 et
660 1808 766 1874 Aonio
791 1829 902 1872 uersae
926 1806 1100 1872 certamine
1123 1805 1213 1891 picae

450 1917 572 2003 quique
596 1918 694 1981 refert
717 1915 854 2002 iungens
878 1914 994 1980 iterata
1018 1912 1176 1979 uocabula
1199 1913 1314 1998 perdix

449 2028 482 2090 et
505 2045 588 2109 quae
611 2021 760 2088 Bistonio
786 2021 932 2106 queritur
956 2042 1048 2086 soror
1071 2020 1150 2086 orba
1174 2019 1287 2086 cubili:

448 2132 530 2196 ferte
555 2131 650 2196 simul
674 2129 815 2216 gemitus
839 2133 1041 2216 cognataque
1066 2127 1172 2193 ducite
1195 2127 1333 2193 flammis

448 2241 560 2304 funera
579 2243 611 2303 et
630 2238 691 2303 hoc
710 2240 843 2303 cunctae
863 2236 1078 2301 miserandum
1097 2235 1251 2300 addiscite
1270 2258 1410 2301 carmen:

537 2345 666 2412 ‘occidit
689 2344 792 2410 aeriae
816 2343 1024 2410 celeberrima
1047 2343 1152 2430 gloria
1174 2343 1282 2429 gentis

449 2455 616 2540 psittacus,
639 2452 694 2518 ille
718 2451 833 2539 plagae
857 2451 970 2516 uiridis
993 2454 1145 2538 regnator
1168 2449 1264 2536 ane,

449 2584 545 2647 quem
568 2585 633 2626 non
656 2565 819 2648 gemmata
843 2559 983 2625 uolucris
1006 2557 1143 2624 Iunonia
1166 2558 1265 2623 cauda

448 2669 590 2734 uinceret
614 2673 754 2753 aspectu,
777 2666 875 2754 gelidi
898 2689 964 2732 non
987 2665 1135 2731 Phasidis
1159 2665 1225 2730 ales

446 2799 506 2843 nec
530 2799 611 2861 quas
633 2775 780 2840 humenti
803 2773 962 2840 Numidae
985 2795 1120 2858 rapuere
1144 2774 1205 2838 sub
1229 2780 1352 2860 austro,

447 2883 502 2948 ille
525 2883 682 2948 salutator
705 2905 818 2970 regum
841 2902 1024 2966 nomenque
1047 2881 1175 2946 locutus

448 2989 637 3056 Caesareum
656 2995 689 3055 et
708 2989 835 3075 queruli
856 2989 1018 3075 quondam
1037 2988 1107 3054 uice
1126 2989 1256 3053 functus
1275 2987 1378 3072 amici,

446 3120 531 3163 nunc
555 3097 692 3162 conuiua
714 3096 796 3162 leuis
820 3101 1063 3181 monstrataque
1086 3095 1218 3162 reddere
1241 3095 1341 3161 uerba

446 3210 514 3270 tam
536 3203 650 3288 facilis,
675 3226 739 3288 quo
763 3207 808 3283 tu,
832 3202 948 3268 Melior
971 3201 1096 3290 dilecte,
1118 3202 1243 3268 recluso

446 3334 624 3397 numquam
643 3311 731 3376 solus
755 3333 833 3375 eras.
874 3315 908 3375 at
930 3333 996 3375 non
1020 3309 1178 3397 inglorius
1202 3309 1327 3376 umbris

447 3418 601 3484 mittitur:
624 3417 759 3503 Assyrio
783 3418 905 3484 eineres
929 3417 1098 3483 adolentur
1118 3440 1245 3484 amomo

446 3533 479 3593 et
502 3531 615 3592 tenues
638 3525 783 3591 Arabum
808 3525 969 3610 respirant
992 3526 1136 3612 gramine
1161 3525 1289 3610 plumae

446 3634 647 3719 Sicaniisque
671 3633 781 3699 crocis
827 3633 916 3699 senio
939 3655 998 3698 nec
1021 3635 1125 3698 fessus
1148 3633 1243 3700 inerti

446 3742 577 3808 scandet
600 3741 751 3807 odoratos
774 3739 919 3806 Phoenix
942 3740 1067 3807 felicior
1090 3741 1203 3828 ignes’

230 3871 443 3882 ......-.-

321 3943 354 3991 15
373 3935 487 4008 angusti
506 3943 523 3990 ς
543 3967 578 3977 -
597 3935 725 3991 conuicia
743 3938 826 3992 etiam
838 3936 875 3989 Β
895 3969 927 3977 -
948 3941 982 3990 10
1000 3935 1096 3990 cornix
1114 3899 1330 4008 Delectaripius
1348 3970 1381 3978 —
1401 3945 1435 3992 33
1454 3955 1488 3994 ac
1506 3956 1562 3994 non

231 4026 300 4079 1¹a
314 4058 347 4066 —
362 4031 396 4079 35
410 4025 539 4096 gramina
555 4069 595 4080 ...
613 4025 795 4095 Sicaniosque
810 4043 904 4082 crocos
919 4027 1105 4082 Mariclaadus
1120 4059 1151 4066 -
1168 4031 1201 4080 37
1216 4027 1356 4084 scandite
1375 4029 1514 4100 gaudela
1529 4063 1561 4071 -

320 4211 336 4260 8
360 4203 410 4260 On.
435 4205 493 4258 Am.
513 4204 633 4259 11611
664 4204 803 4259 reddebar
830 4203 928 4260 blaeso
950 4207 1009 4258 tam
1037 4205 1108 4261 bene
1134 4205 1221 4260 uerba
1248 4223 1317 4261 sono
1359 4205 1426 4261 Silu.
1446 4209 1471 4262 11
1493 4214 1562 4262 1.74

230 4293 424 4362 meditataque
443 4293 531 4348 uerba
540 4325 574 4334 —·
586 4293 653 4347 Silu.
673 4293 698 4347 ll
717 4300 741 4347 6.
755 4299 806 4348 100
825 4293 939 4349 silentia
957 4293 1147 4350 Lethes—10
1167 4295 1249 4352 Mart.
1264 4295 1328 4350 xm
1344 4302 1412 4352 'lm
1432 4301 1562 4353 cantator

230 4399 333 4452 cycnus
352 4382 457 4438 funeris
476 4382 536 4453 ipse
556 4382 598 4436 sui
614 4415 646 4424 -
668 4389 700 4437 12
720 4383 770 4437 Ou.
791 4383 856 4438 hlet.
874 4383 967 4437 Π108
985 4383 1127 4439 radiorum
1147 4387 1295 4456 argenteus
1315 4386 1382 4442 ordo
1403 4419 1435 4428 -
1455 4393 1489 4442 11
1509 4387 1559 4442 Ou.

230 4473 305 4527 Fast.
320 4471 425 4526 lilaea
453 4471 584 4542 querulas
692 4471 766 4527 fores
796 4505 828 4513 -
858 4477 891 4526 18
911 4472 962 4528 Ou.
977 4473 1043 4528 Met
1063 4474 1087 4528 Il
1103 4479 1155 4528 544
1184 4473 1243 4530 ales
1343 4475 1499 4532 Phoebeius
1527 4509 1559 4518 -

230 4567 264 4615 19
283 4561 334 4616 Ou.
354 4561 420 4615 hiet.
437 4561 459 4614 V
476 4567 524 4615 ³01
551 4565 688 4616 auxerunt
711 4561 855 4617 uolucrum
879 4560 973 4617 uictae
995 4562 1148 4618 certamine
1171 4564 1283 4620 turbam
1312 4599 1344 4607 -
1374 4573 1408 4620 24
1428 4566 1478 4621 On.
1498 4567 1559 4622 Am.

229 4650 254 4704 11
273 4657 297 4704 6.
314 4655 348 4704 20
367 4649 465 4704 infelix
484 4649 580 4705 auium
599 4649 691 4720 gloria
717 4654 752 4719 cs.
772 4651 855 4706 Mart.
875 4651 920 4722 Sp.
941 4651 1061 4706 XVIIIa
1088 4685 1118 4692 -
1143 4653 1225 4726 Verg.
1245 4655 1277 4708 A.
1298 4655 1335 4709 Vl
1351 4660 1402 4710 767
1421 4655 1560 4712 Troianae

228 4738 321 4810 gloria
347 4739 441 4810 gentis
469 4771 502 4781 -
532 4745 566 4794 25
586 4739 636 4795 Ou.
656 4741 718 4794 Am.
738 4741 764 4795 11
783 4746 836 4796 6.1
865 4741 1003 4812 psittacus
1032 4742 1098 4797 Eois
1126 4743 1262 4799 imitatrix
1287 4744 1345 4800 ales
1369 4746 1405 4800 ab
1429 4746 1506 4800 Indis
1525 4779 1559 4788 -

229 4833 263 4882 28
282 4827 350 4884 Silu.
371 4828 382 4882 1
401 4834 425 4883 6.
437 4831 470 4882 78
489 4845 559 4898 quas
579 4829 635 4884 udo
654 4828 794 4886 Numidae
812 4830 912 4902 legunt
931 4830 982 4885 sub
1002 4835 1098 4888 austro
1118 4865 1149 4874 -
1174 4825 1180 4838 '
