3820 5558
878 475 907 531 P.
927 473 1064 532 PAPINII
1082 475 1199 531 STATII

588 639 665 726 quid
688 641 824 706 referam
847 639 1015 725 expositos
1037 643 1165 706 seruato
1190 638 1332 725 pondere
1354 638 1481 705 mores?

587 769 669 832 quae
688 747 802 834 pietas,
821 769 918 832 quam
937 746 1002 813 uile
1019 746 1154 834 lucrum,
1174 768 1256 832 quae
1274 769 1350 814 cura
1368 747 1510 834 pudoris,

588 859 727 940 quantus
745 877 836 921 amor
853 854 955 921 recti?
991 877 1176 941 rursusque,
1194 853 1251 920 ubi
1271 854 1363 920 dulce
1382 853 1513 940 remitti,

587 962 693 1049 gratia
716 985 797 1048 quae
820 962 937 1028 dictis?
974 962 1082 1028 animo
1106 985 1203 1048 qnam
1226 961 1315 1027 nulla
1338 962 1506 1028 senectus?

587 1070 639 1134 his
661 1068 723 1134 tibi
747 1092 808 1155 pro
831 1069 957 1136 meritis
979 1070 1098 1134 famam
1120 1068 1295 1155 laudesque
1319 1069 1478 1156 benignas

586 1177 683 1244 iudex
706 1199 783 1243 cura
804 1177 901 1242 deum
923 1177 1078 1262 nulloque
1102 1199 1119 1242 e
1142 1177 1276 1243 uulnere
1300 1177 1426 1242 tristem

587 1285 752 1350 concessit.
798 1284 935 1371 raperis,
958 1284 1100 1372 genitor,
1123 1305 1189 1350 non
1212 1283 1342 1371 indigus
1365 1283 1451 1369 aeui,

585 1413 651 1458 non
673 1391 792 1457 nimius
815 1392 973 1477 trinisque
997 1391 1106 1457 decem
1129 1391 1349 1477 quinquennia
1371 1390 1483 1456 lustris

586 1499 696 1564 iuncta
718 1500 833 1565 ferens.
879 1498 936 1564 sed
958 1521 1010 1564 me
1033 1498 1139 1584 pietas
1160 1521 1329 1564 numerare
1353 1497 1508 1584 dolorque

586 1628 651 1672 non
674 1605 765 1694 sinit,
789 1629 808 1673 o
831 1604 942 1692 Pylias
964 1605 1036 1672 aeui
1059 1605 1283 1672 transcendere
1307 1609 1410 1672 metas

587 1717 621 1778 et
644 1713 783 1780 Teucros
806 1736 943 1799 aequare
966 1735 1074 1799 senes,
1098 1737 1117 1779 ο
1141 1712 1238 1802 digne
1260 1713 1370 1779 nidere

587 1843 638 1886 me
661 1819 813 1886 similem!
850 1821 906 1886 sed
929 1843 987 1887 nso
1009 1819 1067 1887 leti
1092 1821 1153 1886 tibi
1177 1821 1273 1886 ianua
1295 1821 1400 1887 tristis

588 1966 632 1975 -
654 1929 777 2014 quippe
800 1927 889 1994 leues
908 1951 1021 1994 causae
1042 1968 1084 1976 —
1102 1951 1161 1994 nec
1184 1928 1294 2016 segnis
1316 1928 1391 1994 labe
1414 1928 1507 1993 senili

587 2036 693 2101 exitus
716 2035 850 2102 instanti
875 2036 1044 2121 praemisit
1066 2035 1213 2102 membra
1236 2035 1398 2122 sepulcro,

587 2143 643 2208 sed
666 2147 699 2207 te
722 2147 836 2228 torpor
859 2142 945 2208 iners
968 2147 1002 2208 et
1024 2165 1112 2209 mors
1134 2142 1262 2209 imitata
1286 2143 1427 2228 quietem
1656 2160 1708 2208 260

587 2249 744 2334 explicuit
767 2250 912 2335 falsoque
936 2250 1014 2316 tulit
1037 2250 1098 2316 sub
1122 2249 1257 2316 Tartaro
1279 2272 1401 2316 somno.

675 2380 756 2443 quos
770 2379 831 2444 ego
846 2363 923 2424 tunc
936 2357 1131 2445 gemitus-
1142 2358 1296 2425 comitum
1310 2379 1424 2423 manus
1438 2357 1534 2422 anxia
1549 2356 1639 2442 uidit,

586 2465 669 2530 uidit
691 2470 725 2530 et
748 2464 932 2551 exemplum
955 2465 1105 2552 genetrix
1128 2465 1304 2553 gauisaque
1327 2464 1420 2530 nouit
1444 2503 1486 2512 —

589 2595 671 2657 quae
694 2573 836 2638 lamenta
858 2572 933 2638 tuli!
975 2573 1103 2638 ueniam
1127 2573 1291 2638 concedite
1315 2594 1438 2656 manes,

584 2681 634 2746 fas
657 2679 789 2767 dixisse,
811 2683 917 2765 pater:
953 2702 1018 2745 nen
1042 2684 1079 2744 tu
1102 2679 1181 2745 mihi
1206 2678 1301 2765 plura
1324 2679 1472 2744 dedisses.
1656 2694 1707 2744 266

586 2787 665 2853 felix
689 2787 744 2853 ille
767 2791 892 2873 patrem
915 2787 1027 2852 uacuis
1050 2786 1259 2852 circumdedit
1282 2786 1368 2852 ulnis

585 2894 685 2961 uellet
707 2899 741 2960 et
763 2893 876 2980 Elysia
899 2894 1048 2979 quamuis
1072 2894 1105 2960 in
1128 2894 1202 2960 sede
1225 2893 1367 2959 locatum

584 3003 734 3088 abripere
758 3007 792 3068 et
813 3002 942 3068 Danaas
964 3002 1083 3068 iterum
1106 3007 1237 3087 portare
1261 3025 1321 3086 per
1343 3000 1475 3066 umbras

585 3113 801 3196 temptantem
825 3115 859 3175 et
880 3110 975 3175 uiuos
999 3110 1147 3176 molitum
1171 3109 1205 3174 in
1223 3109 1357 3174 Tartara
1379 3131 1510 3195 gressus

585 3217 703 3283 detulit
727 3217 870 3284 infernae
894 3221 986 3283 uates
1007 3216 1167 3305 longaeua
1189 3216 1325 3303 Dianae3
1655 3231 1707 3280 aro

585 3325 631 3390 sic
655 3324 771 3410 chelyn
794 3323 964 3410 Odrysiam
987 3325 1083 3412 pigro
1107 3325 1289 3390 transmisit
1311 3321 1441 3389 Auerno

586 3453 681 3497 causa
704 3432 822 3519 minor,
847 3431 1109 3498 sie.Thessalicis
1132 3430 1290 3498 Admetus
1312 3431 1346 3497 in
1370 3431 1448 3516 oris,

587 3539 634 3604 sic
656 3538 713 3604 lux
737 3561 801 3604 una
824 3543 910 3605 retro
933 3538 1129 3624 Phylaceida
1151 3538 1280 3605 rettulit
1302 3539 1467 3604 umbram:

585 3645 657 3736 (eur
677 3646 762 3712 nihil
785 3651 910 3732 exoret,
933 3645 1075 3734 genitor,
1098 3645 1208 3730 chelys
1230 3649 1287 3711 aut
1309 3650 1366 3710 tua
1389 3667 1499 3710 manes

587 3760 644 3820 aut
666 3751 775 3841 meal)
797 3754 847 3819 fas
869 3753 949 3819 mihi
973 3754 1019 3820 sic
1042 3753 1166 3839 patrios
1184 3753 1372 3840 contingere
1396 3752 1520 3836 uultus,
1654 3769 1706 3818 276

461 4008 514 4070 261
531 4003 628 4058 tristes
648 4002 836 4058 Mortloodas
855 4033 890 4042 -
908 4005 960 4056 266
978 4017 1036 4056 non
1054 4018 1154 4056 nnmus
1173 3999 1327 4070 erinisqne;
1345 4017 1414 4056 corr.
1430 4019 1444 4054 o
1463 4032 1496 4040 -
1516 4005 1568 4054 268
1587 4013 1702 4070 segnem

372 4107 441 4146 corr.
457 4109 471 4144 o
485 4123 519 4132 -
538 4093 605 4148 tabe
624 4091 706 4147 senili
723 4090 929 4146 0600010016-
949 4096 1001 4145 266
1016 4091 1097 4146 nouit
1109 4091 1202 4162 (diam
1216 4091 1277 4160 A*);
1295 4107 1364 4146 corr.
1380 4109 1393 4143 ο
1410 4123 1440 4130 -
1461 4095 1511 4144 271
1532 4088 1556 4142 si
1576 4087 1677 4157 chelyn
1692 4105 1706 4140 e

373 4211 406 4220 -
422 4185 474 4233 276
488 4181 562 4234 silua
576 4197 645 4250 una;
660 4181 685 4234 si
694 4179 873 4236 Thessalicas
884 4181 1024 4236 Admeton
1039 4180 1069 4234 in
1083 4195 1145 4234 oras
1214 4182 1337 4251 (lacuna)
1406 4178 1429 4236 si
1445 4179 1492 4235 lux
1507 4179 1707 4235 unaHeioeius

371 4268 411 4322 sic
436 4268 605 4326 Vollmer-
625 4275 676 4324 276
696 4268 735 4325 sit
754 4269 861 4342 patrios
881 4277 899 4326 ς
918 4301 952 4311 —-

461 4505 512 4555 266
531 4502 566 4569 es.
586 4503 624 4556 od
643 4501 669 4555 11
683 4509 734 4558 26
753 4501 947 4573 quinquennia
965 4501 1047 4558 lustri
1069 4533 1103 4544 —
1127 4507 1177 4556 267
1197 4501 1277 4558 Lnor.
1296 4501 1393 4554 11104
1413 4500 1463 4556 On.
1483 4499 1549 4555 net.
1568 4501 1646 4555 Ι662
1669 4499 1705 4568 cf.

371 4589 433 4646 Vsl.
453 4589 494 4646 Tl.
514 4589 552 4644 IV
568 4596 617 4644 231
639 4589 726 4647 Theb.
746 4591 785 4644 ΠΙ
799 4597 833 4646 68
852 4591 938 4646 ianua
956 4591 1008 4645 leti
1034 4623 1068 4632 -
1095 4596 1147 4645 260
1166 4589 1262 4646 Sidon.
1281 4589 1309 4645 C.
1325 4589 1350 4643 V
1366 4595 1415 4645 621
1436 4591 1534 4660 torpor
1552 4631 1559 4644 .
1574 4636 1580 4646 .
1596 4633 1603 4646 .
1621 4588 1706 4644 inerti

371 4681 464 4749 rigore
482 4679 614 4736 Dracont.
630 4679 696 4734 VIII
705 4685 757 4734 224
785 4681 883 4750 torpor
901 4681 976 4736 iners
994 4713 1029 4722 —
1049 4685 1101 4735 260
1120 4679 1188 4734 Silo.
1208 4679 1349 4733 111arss
1368 4677 1437 4734 felix
1455 4678 1502 4735 cui
1520 4695 1578 4748 eqo.
1595 4675 1652 4734 not.
1671 4709 1706 4719 -

372 4775 423 4823 269
439 4769 524 4838 Verg.
539 4770 571 4824 A.
586 4767 625 4822 Vl
640 4773 691 4823 477
712 4768 827 4824 molitor
840 4767 895 4822 iter
909 4799 943 4810 —
958 4775 1011 4825 220
1029 4767 1113 4837 Verg.
1129 4769 1160 4822 Α.
1176 4767 1214 4821 VI
1229 4773 1280 4823 626
1300 4768 1408 4823 Phoebi
1422 4769 1563 4838 longaeua
1577 4767 1707 4823 sacerdos

372 4887 405 4900 -
425 4863 475 4913 271
496 4857 584 4914 Theb.
600 4857 638 4912 xl
653 4863 705 4914 668
728 4857 801 4928 pigri
822 4901 873 4914 ...
893 4857 998 4913 Averni
1016 4859 1051 4926 cs.
1071 4857 1134 4912 Vlll
1151 4863 1183 4912 12
1204 4889 1237 4898 -
1257 4863 1308 4913 272
1326 4857 1431 4916 Lucan.
1445 4859 1496 4914 VII
1511 4863 1563 4914 602
1587 4857 1707 4912 Thessa·

369 4945 443 5002 licae
462 4988 469 5002 .
485 4990 491 5002 .
508 4989 514 5004 .
533 4963 599 5002 orae
623 4946 709 5002 Theb.
721 4947 763 5004 ,Ἦ
777 4953 829 5001 362
852 4947 1025 5003 Thessalicis
1044 4947 1113 5004 lolix
1131 4947 1269 5002 Admetus
1288 4947 1325 5002 ab
1344 4947 1401 5003 oris
1420 4979 1454 4989 -
