3814 5552
749 455 935 512 SILVARVM
954 455 1028 508 1118
1495 453 1555 517 131

436 619 652 703 promeruisse
675 619 791 685 datur?
828 619 944 684 summi
968 617 1056 683 Iouis
1078 618 1181 704 aliger
1203 616 1304 682 Arcas
1523 633 1558 680 80

436 727 584 812 nuntius,
607 727 774 793 imbrifera
797 727 923 812 potitur
946 725 1181 790 Thaumantide
1204 723 1299 808 Iuno,

435 839 502 899 stat
525 835 610 900 celer
632 834 789 920 obsequio
813 834 900 900 iussa
922 833 962 898 ad
984 832 1152 918 Neptunia
1174 831 1301 896 Triton:

437 945 474 1006 tu
497 942 619 1008 totiens
641 945 766 1006 mutata
789 941 906 1007 ducum
930 939 1006 1028 iuga
1028 940 1090 1005 rite
1114 939 1220 1004 tulisti

436 1049 564 1137 integer
586 1049 684 1134 inque
708 1048 795 1115 omni
818 1048 898 1114 felix
922 1053 979 1113 tua
1002 1047 1119 1113 cumba
1142 1047 1311 1132 profundo.
1337 1085 1378 1092 -

435 1156 564 1243 iamque
587 1157 675 1242 piam
698 1156 755 1222 lux
778 1156 844 1222 alta
867 1157 998 1222 domum
1021 1154 1248 1240 praecelsaque
1272 1157 1342 1218 toto
1521 1169 1556 1218 80

436 1263 573 1330 intrauit
596 1263 741 1330 Fortuna
763 1263 879 1351 gradu:
916 1262 981 1327 iam
1004 1262 1146 1328 creditur
1168 1262 1223 1327 uni

435 1376 618 1436 sanctarum
642 1371 787 1458 digestus
810 1393 909 1456 opum
932 1375 1110 1455 partaeque
1133 1391 1193 1455 per
1215 1368 1320 1434 omnis

436 1479 570 1544 diuitiae
593 1478 734 1564 populos
757 1478 932 1565 magnique
955 1476 1120 1563 impendia
1142 1477 1266 1542 mundi:

437 1586 591 1673 quicquid
614 1586 655 1651 ab
680 1585 829 1650 auriferis
852 1585 969 1650 eiectat
991 1583 1129 1650 Hiberia
1151 1583 1260 1670 fossis,

434 1694 616 1760 Dalmatico
636 1693 723 1778 quod
740 1698 850 1784 monte
868 1693 965 1777 nitet,
988 1693 1075 1778 quod
1093 1691 1253 1757 messibus
1270 1690 1360 1755 Atria
1521 1706 1556 1756 90

438 1801 592 1886 ueniter,
616 1800 758 1866 aestiferi
782 1801 935 1886 quicquid
959 1800 1036 1865 terit
1059 1821 1133 1864 area
1154 1798 1238 1884 Nili,

439 1909 588 1994 quodque
611 1906 694 1995 legit
717 1929 841 1973 mersus
864 1906 973 1995 pelagi
997 1911 1157 1972 scrutator
1179 1905 1255 1990 Eoi,

435 2021 469 2082 et
490 2015 734 2080 Lacedaemonii
756 2014 907 2100 pecuaria
929 2014 1017 2081 culta
1040 2013 1166 2080 Galaesi

436 2123 687 2210 perspicuaeque
709 2122 803 2187 niues
825 2122 1032 2208 Massylaque
1055 2121 1173 2187 robora
1197 2125 1229 2186 et
1250 2118 1323 2188 Indi

435 2230 542 2296 dentis
564 2230 681 2296 honos:
718 2229 774 2295 uni
799 2235 915 2328 parent
937 2228 1108 2295 commissa
1130 2226 1292 2312 ministro,
1521 2243 1556 2291 90

436 2361 518 2424 quae
536 2337 656 2404 Boreas
675 2359 821 2422 quaeque
840 2337 948 2404 Eurus
966 2341 1074 2424 atrox,
1093 2357 1174 2420 quae
1192 2332 1324 2399 nubilus
1342 2331 1463 2398 Auster

435 2445 562 2511 inuehit
586 2482 627 2492 —
651 2444 806 2510 hibernos
829 2444 926 2511 citius
948 2443 1168 2510 numeraueris
1191 2441 1312 2507 imbres

436 2553 655 2638 siluarumque
674 2573 790 2618 comas.
810 2590 852 2599 —
870 2551 954 2639 uigil
976 2551 1038 2616 iste
1062 2550 1226 2635 animique
1250 2549 1375 2636 sagacis

436 2663 469 2724 et
492 2659 575 2725 citus
599 2659 736 2744 euoluit,
757 2662 915 2745 quantum
938 2659 1085 2724 Romana
1107 2657 1281 2748 subtomni

436 2767 504 2852 pila
521 2767 574 2832 die
592 2772 813 2852 quantumque
832 2767 953 2852 tribus,
972 2767 1050 2852 quid
1068 2765 1205 2851 templa,
1222 2763 1302 2851 quid
1320 2764 1378 2829 alti
1507 2781 1557 2830 100

435 2873 594 2939 undarum
617 2896 743 2958 aursus,
766 2875 844 2960 quid
866 2874 1112 2961 propugnacula
1133 2877 1270 2959 poscant

438 2981 587 3066 aequoris
610 2987 667 3048 aut
690 2983 787 3069 longe
811 2982 909 3048 series
931 2985 1080 3066 porrecta
1103 2981 1242 3066 uiarum,

437 3087 523 3173 quod
546 3088 668 3155 domini
691 3089 786 3155 celsis
808 3089 912 3154 niteat
934 3088 1141 3174 laquearibus
1163 3109 1291 3172 aurum,

438 3217 519 3281 quae
543 3195 654 3262 diuum
678 3197 711 3261 in
734 3197 846 3262 uultus
868 3196 938 3283 igni
960 3195 1128 3261 formanda
1150 3195 1308 3279 liquescat

435 3325 549 3391 massa,
567 3303 646 3389 quid
664 3302 826 3370 Ausoniae
845 3304 1003 3389 scriptum
1021 3307 1132 3388 erepet
1151 3303 1227 3389 igne
1240 3302 1453 3368 Monetae—
1506 3319 1556 3368 100

435 3411 511 3477 hinc
534 3410 597 3476 tibi
619 3433 692 3476 rara
714 3411 806 3497 quies
829 3410 1001 3496 animoque
1024 3410 1153 3476 exclusa
1176 3408 1343 3494 uoluptas,

436 3518 636 3605 exiguaeque
660 3519 759 3604 dapes
782 3523 815 3582 et
837 3541 1013 3603 numquam
1035 3518 1123 3583 laesa
1145 3517 1307 3602 profundo

437 3647 513 3690 cura
535 3648 637 3711 mer03
661 3627 717 3691 sed
739 3625 810 3690 iura
832 3631 941 3691 tamen
964 3625 1106 3713 genialia
1128 3623 1217 3689 cordi

311 3824 345 3873 82
372 3821 425 3874 nat
446 3818 520 3874 celer
542 3819 676 3876 Heinsius
704 3851 737 3860 -
765 3823 799 3874 87
826 3821 983 3890 pactaeque
1009 3819 1071 3876 Otto
1095 3851 1131 3860 -
1160 3825 1195 3873 98
1222 3816 1359 3888 nubibus;
1387 3825 1491 3874 00008
1521 3849 1555 3860 -

222 3911 256 3960 98
280 3907 352 3978 uigil
370 3906 410 3962 ite
429 3907 568 3978 animaaq3
587 3908 699 3980 sagacia
714 3908 806 3964 exitus
824 3907 943 3980 (excitus
957 3912 996 3978 a);
1020 3926 1088 3965 corr.
1104 3908 1257 3964 Salmasius
1284 3907 1434 3976 animoque
1458 3907 1556 3979 sagaci

222 3996 331 4052 excitus
350 3996 537 4054 Maritimae
564 3997 661 4070 uigilis
679 4001 711 4054 00
730 3997 873 4070 animique
892 3998 1003 4070 sagacis
1021 3998 1130 4054 excutis
1149 4000 1179 4053 et
1196 3995 1288 4053 uoluis
1308 3999 1442 4067 10100000
1460 4029 1495 4038 -

310 4216 345 4266 85
373 4211 470 4268 Claud.
489 4213 527 4268 IV
551 4229 625 4269 eous.
648 4213 719 4268 Hom
735 4218 787 4268 218
806 4213 854 4266 lux
877 4213 1017 4268 altissima
1038 4212 1103 4268 Fati
1130 4212 1273 4269 occultum
1298 4211 1372 4267 nibil
1395 4229 1457 4267 0000
1485 4211 1555 4267 sinit

222 4299 403 4370 latebrasque
417 4317 468 4372 per
481 4318 577 4357 omnes
586 4301 676 4358 intret
689 4305 719 4357 et
732 4301 877 4358 abrrtruos
891 4302 1021 4373 explorat
1029 4303 1117 4358 Fama
1131 4318 1257 4358 recessus
1275 4335 1303 4342 -
1320 4307 1355 4357 86
1370 4301 1554 4357 81102100

223 4389 357 4459 uenitque
375 4392 467 4462 gradu
480 4391 605 4447 Fortuna
618 4391 741 4463 benigno
755 4423 791 4432 -
809 4396 842 4445 91
857 4391 923 4446 Hor.
938 4391 967 4448 O.
982 4392 995 4446 I
1011 4397 1080 4447 1.10
1099 4391 1233 4462 quicquid
1252 4392 1287 4447 de
1301 4391 1415 4461 Libycis
1434 4390 1556 4446 uerritur

223 4478 296 4534 areis
315 4510 349 4520 —
367 4479 1058 4551 Ηο0.8.11.40001000’000000[.11101022
1086 4481 1311 4552 1100081192
1339 4481 1401 4536 San.
1416 4479 1487 4549 Thy.
1502 4485 1554 4534 808

222 4597 255 4608 --
280 4574 313 4623 92
332 4570 368 4637 cs.
387 4570 425 4625 ad
442 4569 483 4624 111
498 4575 521 4625 1.
536 4576 571 4625 84
599 4603 630 4611 -
659 4577 692 4625 98
713 4569 780 4626 Silu.
796 4570 834 4624 IV
848 4576 873 4625 2.
888 4577 922 4624 89
945 4571 1048 4626 robora
1065 4571 1227 4625 Maurorum
1257 4601 1287 4612 -
1317 4577 1350 4625 90
1373 4569 1470 4624 Claud.
1485 4569 1554 4625 Pan.

221 4656 326 4714 Theod.
342 4665 376 4712 08
400 4659 484 4714 unius
502 4660 536 4715 fit
557 4659 711 4729 emuniri,
730 4659 916 4730 quodeunque
936 4659 1062 4716 rubescit
1084 4677 1198 4729 occasu,
1222 4658 1408 4729 quodcunque
1428 4658 1488 4714 dier
1507 4659 1555 4714 de-

221 4746 318 4802 uexior
327 4747 419 4803 ambit
428 4779 462 4790 -
478 4755 511 4803 99
522 4748 610 4804 Theb.
620 4749 633 4803 I
644 4755 696 4803 200
714 4749 778 4805 fusa
792 4748 845 4803 sub
859 4749 935 4805 omui
945 4752 1020 4805 terra
1035 4752 1120 4820 atque
1135 4748 1212 4804 unda
1221 4749 1267 4805 die
1282 4751 1316 4817 ef.
1327 4749 1430 4804 Lucan.
1440 4747 1492 4802 VH
1503 4753 1554 4802 189

221 4835 273 4890 sub
292 4853 458 4908 quocunque
476 4837 523 4894 die
546 4869 579 4880 -·-
604 4844 655 4895 107
675 4839 761 4895 Theb.
776 4838 802 4893 V
817 4844 868 4893 282
887 4839 1026 4910 profundo
1115 4855 1192 4897 mero
1215 4871 1250 4881 -
1277 4844 1328 4894 108
1347 4837 1434 4893 Theb.
1448 4837 1488 4892 111
1502 4841 1554 4892 889

221 4925 284 4980 iura
303 4926 499 4997 ..genialia
518 4959 550 4968 -

1307 5017 1341 5074 90
