3814 5552
746 455 1025 514 snvmvums
1490 419 1558 520 115

523 617 679 686 audimur.
711 624 807 686 uooat
825 619 896 706 ipse
910 623 1012 686 ratem
1031 623 1210 704 nautasque
1229 621 1391 686 morantes
1520 635 1554 684 5ο

436 727 590 814 inorepat.
628 749 700 794 eece
717 749 825 794 meum
848 727 963 794 timido
981 727 1045 793 iam
1066 726 1187 814 frigore
1211 730 1324 812 peetus

435 833 558 901 labitur
575 840 609 900 et
625 856 765 922 nequeo,
784 833 933 921 quamuis
951 838 1061 902 mouet
1079 834 1197 900 ominis
1215 834 1342 917 horror,
1410 885 1415 896 .

435 942 582 1009 claudere
605 963 779 1029 suspensos
802 942 968 1008 oculorum
991 942 1025 1008 in
1048 943 1193 1029 margine
1216 941 1319 1007 fletus

436 1050 564 1136 iamque
586 1055 690 1116 ratem
712 1050 808 1116 torris
830 1049 942 1116 diuisit
964 1051 1041 1115 lune
1064 1049 1170 1115 soluto

433 1158 546 1224 nauita
569 1161 602 1224 et
624 1161 799 1246 angustum
822 1157 939 1224 deieeit
962 1157 996 1224 in
1019 1177 1159 1242 aequora
1181 1161 1327 1241 pontem,
1520 1175 1554 1222 55

435 1287 551 1331 saeuus
574 1269 607 1331 et
629 1287 647 1330 e
670 1265 775 1351 puppi
798 1265 898 1352 longo
921 1263 1060 1331 elamore
1083 1263 1238 1351 magister

436 1372 574 1458 dissipet
596 1372 767 1458 amplexus
789 1375 887 1457 atque
910 1372 1019 1438 osenla
1041 1371 1105 1437 fide
1131 1371 1276 1456 reuellit,

436 1502 495 1546 neo
517 1480 652 1568 longum
675 1501 749 1546 aare
770 1479 847 1546 lieet
870 1480 905 1544 in
928 1479 1051 1546 oeruiee
1074 1479 1201 1546 morari.

436 1591 580 1654 attamen
602 1588 636 1653 in
659 1593 761 1654 terrae
784 1609 801 1653 e
825 1587 923 1673 plebe
944 1587 1141 1654 nouissimus
1164 1586 1251 1653 omni

436 1694 493 1760 ibo
516 1716 576 1760 nee
598 1694 745 1783 egrediar
767 1695 830 1785 nisi
853 1695 918 1760 iam
941 1693 1079 1761 ourreute
1102 1693 1217 1760 oarina
1522 1713 1556 1762 60

525 1802 598 1888 quis
617 1801 695 1868 rude
714 1808 747 1868 et
765 1801 944 1868 abscissum
961 1801 1089 1868 miseris
1106 1801 1327 1868 animantibus
1344 1824 1465 1887 aequor
1557 1801 1560 1809 '

436 1909 514 1976 feeit
537 1909 600 1976 iter
623 1910 808 1995 solidaeque
832 1907 904 1995 pios
926 1907 1053 1975 telluris
1076 1909 1224 1975 alumnos

438 2017 564 2102 expulit
588 2017 622 2082 in
645 2017 763 2084 fluctus
786 2018 970 2104 pelagoque
993 2016 1128 2106 immisit
1151 2015 1254 2082 hianti

439 2125 544 2190 audax
566 2125 713 2213 ingenii?
748 2145 808 2190 neo
830 2117 916 2190 enim
939 2123 1111 2190 temerarie
1132 2124 1239 2189 uirtus

437 2232 493 2297 illo
517 2232 635 2319 magis,
657 2253 800 2298 summae
823 2232 966 2320 gelidum
990 2253 1073 2318 quae
1095 2229 1209 2298 Pelion
1231 2229 1330 2296 Ossae
1523 2251 1557 2298 55

438 2338 544 2404 iunxit
562 2339 834 2424 anhelantemque
856 2338 943 2426 iugis
961 2339 1013 2404 bis
1031 2338 1151 2423 pressit
1169 2338 1355 2423 Olympum.

437 2468 540 2532 usque
563 2444 684 2512 adeone
707 2467 822 2531 perum
845 2446 950 2511 lentes
972 2445 1110 2512 transire
1133 2445 1268 2531 paludes

437 2557 617 2640 stagnaque
636 2559 669 2618 et
687 2560 844 2642 angustos
862 2554 1066 2620 summittere
1085 2552 1243 2639 pontibus
1261 2555 1393 2619 amnes?

439 2659 524 2726 imus
549 2661 582 2726 in
605 2660 782 2747 abruptum
805 2660 1008 2749 gentilesque
1032 2659 1175 2746 undique
1198 2665 1301 2727 terras

437 2767 582 2855 fugimus
604 2769 721 2857 exigua
744 2769 843 2834 eleusi
866 2769 960 2834 trabe
983 2771 1017 2833 et
1039 2790 1113 2836 aere
1135 2767 1230 2833 nudo.

439 2875 512 2940 inde
535 2876 625 2942 furor
647 2876 755 2941 uentis
777 2875 1028 2964 indignataeque
1052 2873 1213 2960 procellae

438 2987 471 3047 et
495 2983 573 3048 eseli
597 2983 746 3048 fremitus
769 2987 803 3048 et
825 2983 962 3049 fulmine
984 2981 1079 3068 plura
1100 2982 1249 3048 Tonanti

438 3096 512 3156 ante
535 3093 622 3156 rates
645 3089 741 3178 pigro
764 3090 940 3177 torpebant
963 3111 1104 3174 aequora
1126 3111 1239 3155 somno

438 3219 497 3262 neo
520 3219 670 3284 spumare
693 3197 806 3264 Thetis
828 3220 888 3263 neo
910 3219 1063 3285 spargere
1086 3197 1200 3264 nubila
1222 3197 1339 3262 fluetus

437 3304 613 3370 audebant:
649 3305 729 3371 uisis
751 3309 940 3372 tumuerunt
963 3305 1133 3390 puppibus
1156 3304 1259 3370 undae
1524 3325 1557 3372 75

338 3451 436 3458 --η--ι

315 3538 349 3588 56
368 3533 463 3590 Serius
478 3551 492 3589 5
507 3535 595 3606 puppi
610 3541 654 3588 55
681 3535 770 3590 Sauos
785 3538 814 3591 et
827 3537 946 3605 (51115151
960 3535 1034 3592 lineo
1048 3535 1146 3591 addito
1164 3552 1182 3590 o
1197 3535 1351 3603 Potitium,
1370 3543 1401 3592 ut
1415 3543 1560 3606 appareret
1598 3555 1602 3562 ·

225 3637 316 3678 enon
334 3640 389 3679 esee
411 3626 443 3679 in
460 3627 575 3695 antiquo
597 3627 698 3694 oode'ee)
717 3626 755 3679 Δο
788 3625 895 3680 Saeuus
913 3641 929 3680 e
947 3623 1036 3696 puppi
1054 3629 1108 3678 ss
1145 3623 1364 3698 8511155555
1396 3625 1485 3698 Senos
1509 3623 1557 3679 ubi

225 3715 279 3766 515
297 3744 330 3752 -
352 3718 388 3767 5ο
406 3711 462 3768 nisi
477 3713 684 3770 ...5111111555
701 3717 792 3784 epatr'o
805 3731 907 3783 uoouo,
926 3713 982 3768 nisi
996 3714 1053 3768 iem
1067 3714 1226 3770 oarinan
1253 3715 1331 3770 nullo
1344 3717 1435 3785 spatio
1452 3715 1560 3782 relicto5

225 3803 257 3855 io
275 3820 293 3855 5
311 3803 413 3858 lacuna
435 3805 507 3859 ieter
530 3802 587 3857 iem
610 3811 636 3859 et
659 3803 768 3873 carina,
796 3806 827 3859 in
849 3807 973 3875 margine
997 3803 1047 3858 Do.
1067 3802 1184 3859 cedente
1221 3807 1232 3856 1
1255 3805 1382 3858 cemento
1414 3804 1561 3858 odmtaeit

227 3889 398 3959 Poteram,
426 3893 541 3959 sortasse
563 3893 645 3948 eiam
672 3912 759 3964 supro
782 3895 911 3949 laeenam
934 3895 1082 3964 adsortpsit
1114 3893 1168 3948 tole
1190 3895 1258 3964 quid
1286 3891 1365 3948 deest
1387 3892 1503 3947 verbum
1530 3891 1560 3946 in

225 3979 343 4050 antiqno
362 4012 398 4021 —
416 3986 449 4035 51
470 3981 624 4050 abscisum
652 4000 720 4040 corr.
741 3987 831 4036 5355
858 4015 891 4023 -
920 3987 955 4037 55
977 3981 1103 4050 hiantes;
1131 3989 1237 4038 coras
1267 4014 1301 4023 -
1335 3987 1369 4036 55
1393 3983 1436 4036 ter
1458 3981 1561 4053 pressit

230 4069 336 4126 Walter
353 4101 389 4112 -
408 4075 442 4126 75
460 4070 626 4141 gaudebant
644 4073 832 4128 narrandus
850 4103 884 4113 -

226 4208 438 4220 ——..

316 4307 350 4357 55
367 4302 455 4358 Theb.
466 4302 567 4358 111155
582 4303 669 4359 Vter
688 4303 773 4376 longo
784 4304 950 4360 515111515-
961 4303 1053 4361 Sil.It.
1065 4303 1103 4358 Ill
1115 4308 1165 4358 155
1185 4302 1262 4359 55155
1276 4303 1310 4358 de
1320 4319 1414 4376 puppe
1424 4303 1561 4376 magister

226 4393 407 4446 annotantem
421 4391 479 4446 aiat
492 4425 525 4434 -
540 4398 574 4448 59
591 4392 642 4448 On.
653 4393 716 4449 IIer.
727 4391 791 4448 XIII
801 4399 835 4448 57
854 4392 889 4448 de
903 4409 977 4448 neue
990 4392 1161 4448 nouissimus
1176 4393 1221 4448 exi
1236 4425 1269 4434 -
1291 4399 1326 4448 50
1345 4393 1476 4450 Draoont.
1491 4393 1559 4448 Xlu

225 4483 355 4535 5111151115
372 4478 469 4536 carina
495 4513 528 4523 -
557 4487 589 4537 51
601 4499 661 4552 sqq.
681 4485 716 4552 cs.
735 4491 872 4539 comeant.
897 4515 931 4524 -
954 4481 1042 4538 Theb.
1057 4483 1096 4536 III
1110 4488 1161 4536 558
1179 4481 1290 4537 miseris
1308 4483 1502 4538 animantibus
1527 4515 1560 4524 -

226 4575 261 4625 55
280 4567 343 4626 vu
358 4569 398 4624 n.
414 4569 492 4625 1815
511 4571 590 4627 misit
607 4571 637 4627 in
657 4589 779 4642 aequora
797 4575 895 4644 gentes
919 4605 952 4614 —
977 4578 1013 4627 54
1031 4570 1099 4628 sile.
1116 4569 1177 4626 115,
1195 4577 1247 4626 155
1266 4572 1360 4626 audax
1376 4575 1380 4642 1
1396 4571 1503 4643 Ingenii
1526 4601 1561 4614 -

226 4665 261 4714 55
281 4660 330 4715 On,
346 4659 508 4715 51551155
526 4661 651 4718 exenesIt
664 4661 791 4718 eubieoto
811 4661 907 4718 Pelion
922 4661 1010 4718 Ossae
1028 4665 1063 4730 of.
1079 4661 1143 4717 Hor.
1159 4661 1325 4718 5.ΠΙ1.55
1344 4661 1427 4732 Verg.
1443 4662 1475 4718 G.
1486 4662 1559 4717 laer

227 4781 261 4790 —-
280 4753 314 4803 57
333 4749 719 4822 remunerandam
739 4751 995 4821 ...1111155151Ι
1015 4752 1095 4816 1511111
1123 4750 1331 4807 1115517515
1349 4751 1561 4820 usqueadeone

224 4857 325 4912 perum
340 4871 376 4880 —
394 4843 427 4894 55
446 4839 550 4897 Luoen.
563 4841 584 4892 V
597 4847 649 4896 275
668 4841 740 4898 1111115
754 4841 784 4897 in
798 4859 879 4898 omne
893 4841 974 4898 nefas
993 4841 1076 4914 Verg.
1086 4842 1119 4897 A
1130 4841 1182 4896 XII
1195 4846 1247 4896 587
1276 4839 1373 4897 Oleud.
1384 4841 1461 4898 Eatr.
1472 4841 1560 4896 11424

227 4929 316 4986 sertm
333 4929 364 4985 in
383 4931 534 5002 abruptum
554 4973 559 4986 .
576 4975 604 4988 ..
624 4932 706 4988 nauis
726 4965 758 4974 -
