3814 5552
847 430 877 484 P.
895 429 1032 484 PAPINH
1051 429 1168 484 STATII

553 591 683 658 fertilis:
720 595 753 656 et
774 596 888 658 nostra
910 593 1021 680 generi
1045 592 1161 658 tellure
1184 592 1356 657 dabuntur.

553 721 620 764 non
642 698 721 764 adeo
744 698 908 766 Vesuinus
929 723 1013 786 apex
1037 705 1070 765 et
1093 701 1241 766 flammea
1264 699 1325 764 diri

472 791 476 800 ’
554 806 674 871 montis
697 805 801 872 hiems
824 807 968 894 trepidas
991 807 1141 874 exhausit
1164 807 1292 872 ciuibus
1315 807 1426 872 urbes:

555 918 643 979 stant
662 915 858 1000 populisque
877 916 990 1002 uigent
1008 915 1085 980 hinc
1102 915 1233 1000 auspice
1252 915 1381 980 condita
1398 914 1532 979 Phoebo

555 1025 642 1086 tecta
663 1020 834 1087 Dicarchei
857 1026 1036 1108 portusque
1059 1026 1093 1086 et
1114 1022 1212 1087 litora
1234 1022 1345 1087 mundi
1641 1038 1674 1086 75

554 1127 699 1214 hospita,
722 1133 757 1194 at
779 1129 855 1194 hinc
872 1151 1008 1216 magnae
1027 1133 1150 1194 tractus
1174 1129 1335 1194 imitantia
1354 1129 1475 1195 Romae

555 1258 637 1321 quae
661 1236 769 1322 Capys
791 1237 935 1303 adnectis
958 1237 1110 1322 impleuit
1131 1235 1260 1303 moenia
1281 1236 1421 1302 Teucris.

554 1348 666 1409 nostra
689 1365 818 1429 quoque
837 1349 870 1410 et
893 1345 1037 1430 propriis
1058 1344 1167 1410 tenuis
1184 1366 1244 1408 nec
1262 1367 1334 1410 rara
1352 1345 1476 1410 colonis

557 1450 777 1535 Parthenope,
800 1451 852 1517 cui
871 1451 950 1517 mite
970 1451 1074 1518 solum
1093 1456 1183 1517 trans
1201 1473 1342 1537 aequora
1361 1457 1471 1518 uectae

555 1559 626 1644 ipse
648 1559 793 1624 Dionaea
815 1560 1010 1626 monstrauit
1032 1559 1153 1644 Apollo
1177 1559 1334 1626 columba.

555 1666 614 1731 has
633 1689 693 1754 ego
712 1671 745 1731 te
764 1667 855 1733 sedes
873 1706 916 1715 —
934 1690 1010 1733 nam
1027 1689 1088 1732 nec
1105 1667 1185 1732 mihi
1206 1668 1345 1733 barbara
1362 1667 1484 1732 Thrace

555 1796 614 1840 nec
635 1774 739 1860 Libye
762 1775 869 1840 natale
893 1775 998 1841 solum
1022 1814 1064 1822 —
1088 1777 1262 1841 transferre
1284 1775 1414 1861 laboro,

557 1904 637 1966 quas
660 1885 692 1947 et
716 1882 823 1948 mollis
845 1883 949 1948 hiems
973 1887 1006 1948 et
1028 1883 1148 1971 frigida
1170 1887 1331 1968 temperat
1353 1886 1473 1966 aestas,

557 2012 636 2074 quas
659 1988 791 2055 imbelle
813 1991 934 2056 fretum
957 1991 1163 2075 torpentibus
1185 1991 1288 2055 adluit
1310 1989 1413 2055 undis.

555 2120 620 2182 pax
643 2119 754 2163 secura
776 2096 857 2163 locis
879 2102 912 2162 at
935 2097 1053 2163 desidis
1077 2097 1144 2162 otia
1166 2097 1253 2162 uitae

557 2209 590 2270 et
612 2227 789 2290 numquam
812 2204 945 2270 turbata
967 2205 1059 2289 quiea
1082 2203 1250 2290 somnique
1274 2203 1405 2288 peracti.

556 2311 647 2377 nulla
669 2315 740 2378 foro
762 2312 870 2379 rabies
893 2317 950 2378 aut
973 2313 1104 2378 strictae
1126 2311 1161 2375 in
1183 2311 1290 2399 iurgia
1312 2311 1414 2398 leges:

556 2442 683 2486 morum
706 2420 777 2484 iura
799 2420 879 2485 uiris
902 2419 1006 2486 solum
1030 2425 1063 2485 et
1086 2420 1154 2484 sine
1177 2418 1321 2485 fascibus
1343 2440 1489 2503 aequum.

557 2527 635 2612 quid
657 2549 743 2592 nunc
765 2527 953 2614 magnificae
976 2527 1099 2612 species
1122 2527 1291 2612 cultusque
1314 2527 1460 2592 locorum

556 2635 743 2720 templaque
755 2642 785 2701 et
797 2635 973 2700 innumeris
987 2635 1095 2720 spatia
1107 2635 1312 2700 interstincta
1326 2633 1484 2699 columnis

556 2747 590 2808 et
612 2743 774 2829 geminam
797 2743 915 2808 molem
937 2743 1015 2808 nudi
1039 2743 1183 2827 tectique
1207 2741 1326 2807 theatri

557 2854 591 2916 et
614 2849 808 2936 Capitolinis
832 2850 1052 2935 quinquennia
1074 2849 1223 2935 proxima
1245 2849 1370 2936 lustris,

558 2957 636 3043 quid
657 2957 786 3023 laudem
807 2957 888 3021 litus
909 2956 1160 3041 libertatemque
1182 2955 1366 3039 Menandri,

558 3087 655 3150 quam
673 3065 838 3130 Romanus
856 3063 959 3129 honos
978 3069 1011 3128 et
1030 3063 1127 3129 Graia
1144 3063 1275 3129 licentia
1293 3063 1450 3128 miscent?

556 3194 616 3237 nec
638 3171 754 3238 desunt
777 3171 884 3237 uariae
908 3171 992 3236 circa
1014 3170 1230 3236 oblectamina
1253 3171 1355 3236 uitae:

558 3279 627 3345 siue
650 3278 863 3364 soporiferas,
887 3277 1097 3344 blandissima
1118 3277 1229 3364 litora,
1252 3276 1361 3363 Baias,

559 3385 676 3452 enthea
697 3385 848 3451 fatidicae
870 3408 927 3452 seu
950 3385 1055 3450 uisere
1077 3390 1164 3450 tecta
1187 3383 1331 3470 Sibyllae

557 3493 649 3560 dulce
673 3493 718 3559 sit
738 3492 899 3578 Iliacoque
924 3493 1037 3580 iugum
1060 3491 1269 3558 memorabile
1292 3514 1397 3577 remo,

558 3623 615 3668 seu
637 3601 701 3667 tibi
724 3601 861 3668 Bacchei
884 3601 995 3666 uineta
1017 3600 1179 3666 madentia
1202 3599 1300 3665 Gauri

347 3758 483 3764 ——-
491 3757 558 3764 ---·«

434 3857 468 3906 74
487 3849 534 3904 hic
548 3847 674 3920 auspice3
693 3867 761 3905 coer.
781 3849 916 3906 Heluam
929 3881 963 3890 -
983 3854 1017 3902 78
1032 3848 1136 3904 mundo
1150 3848 1337 3904 Marklacdua
1350 3877 1383 3888 -·
1404 3852 1437 3901 88
1455 3848 1552 3902 nostra
1565 3862 1677 3916 quoque

346 3940 423 3995 haud
442 3941 628 3996 Marklandcs
654 3941 805 4006 nostraque
827 3955 879 3994 nec
900 3938 962 3994 Otto
989 3969 1022 3979 -
1051 3943 1086 3994 80
1109 3937 1228 3993 dioneae
1248 3981 1253 3992 .
1275 3981 1280 3992 .
1301 3981 1307 3992 .
1327 3935 1486 4006 columbam
1509 3939 1615 3992 com
1642 3966 1676 3976 -

345 4034 380 4083 90
399 4032 428 4084 et
445 4031 555 4084 addidit
570 4046 584 4082 o
601 4029 748 4083 omiseram
767 4029 843 4083 codd.
863 4061 896 4070 -
916 4033 950 4082 88
968 4027 1045 4082 lusus
1060 4028 1245 4084 Bodrrenee'aa
1272 4027 1336 4082 lites
1351 4027 1578 4083 mmmmm
1604 4023 1677 4080 risus

347 4119 567 4191 Lindeabroqs'ue
593 4116 664 4172 ritus
683 4117 818 4172 Halmius
835 4149 869 4158 —
889 4123 923 4172 81
941 4119 1036 4188 grata3
1059 4125 1161 4173 coras
1181 4149 1214 4157 —

436 4373 469 4422 78
496 4368 575 4423 Lucr.
591 4367 629 4422 VI
645 4373 713 4422 1188
741 4367 872 4422 emunt
894 4366 1004 4423 ciuibus
1027 4366 1125 4422 urbem
1148 4365 1237 4422 Orest.
1257 4369 1331 4438 trag.
1345 4371 1398 4422 888
1427 4366 1521 4424 Sidon.
1541 4367 1570 4424 (l.
1584 4366 1611 4421 V
1625 4371 1675 4421 881

346 4457 456 4514 ciuibus
479 4457 618 4513 exhausta
640 4459 684 4512 eat
705 4459 802 4526 (tarra)
829 4489 865 4498 -
892 4463 926 4512 74
945 4457 1013 4512 Silu.
1028 4456 1093 4511 112.
1108 4461 1142 4510 88
1170 4455 1284 4528 auspice
1302 4457 1416 4512 Phoebo
1443 4489 1478 4499 -
1506 4463 1540 4511 79
1563 4457 1628 4510 Hor.
1648 4454 1677 4510 C.

345 4548 359 4602 1
374 4553 415 4604 18.
430 4553 447 4601 8
471 4547 546 4604 cirea
559 4546 627 4602 mite
644 4546 734 4602 solnm
747 4545 859 4602 Tiburis
878 4579 913 4588 -
932 4551 967 4601 80
985 4546 1071 4602 Theb.
1087 4546 1139 4603 VII
1153 4553 1205 4602 881
1228 4547 1341 4602 moenia
1355 4545 1488 4602 Cirrhaea
1506 4545 1677 4602 monstrauit

346 4635 448 4708 Apollo
462 4636 584 4692 iuuenca
601 4669 635 4678 —
654 4643 688 4692 82
708 4636 758 4694 Ou.
768 4637 835 4692 Mat.
846 4637 897 4691 VII
908 4643 941 4691 52
959 4636 1056 4692 natale
1070 4637 1161 4692 solum
1189 4637 1251 4692 Sen.
1262 4637 1335 4692 Med.
1346 4642 1398 4690 831
1417 4635 1493 4691 Suet.
1508 4635 1565 4692 Gal.
1577 4639 1593 4688 8
1607 4641 1677 4690 ectr.

347 4730 450 4783 huson
465 4727 532 4782 Vrb.
549 4732 600 4782 188
624 4731 660 4798 (p.
678 4727 766 4796 mer)
794 4729 829 4795 cs.
853 4729 890 4782 ad
917 4726 994 4781 111³.
1010 4731 1045 4781 80
1071 4759 1105 4767 -
1134 4730 1168 4780 87
1191 4725 1259 4782 situ.
1278 4727 1356 4782 Ivi.
1371 4731 1406 4780 88
1440 4724 1561 4780 miscent
1586 4723 1680 4795 iurgia

347 4816 424 4889 leges
439 4849 473 4858 —
493 4823 527 4872 88
547 4815 615 4874 Silu.
630 4816 656 4870 11
671 4823 695 4872 8.
709 4823 743 4870 11
764 4816 870 4886 species
889 4815 1036 4885 cultusque
1055 4814 1180 4870 locorum
1195 4847 1229 4856 --
1249 4821 1282 4871 88
1290 4833 1351 4884 sqq.
1369 4817 1404 4884 cs.
1423 4814 1624 4883 V8.164sqq.
1643 4843 1679 4854 -

349 4912 382 4962 88
402 4907 504 4962 huson.
524 4905 628 4977 Gryph.
643 4911 677 4962 88
692 4923 730 4978 ῳ.
745 4905 835 4976 804Ρ)
854 4905 990 4961 fatidicae
1009 4949 1015 4962 .
1036 4948 1043 4959 .
1064 4949 1068 4960 .
1090 4905 1215 4976 Sibyllae
1236 4937 1270 4946 —
