<?xml version="1.0" encoding="UTF-8"?>
<!DOCTYPE html PUBLIC "-//W3C//DTD XHTML 1.0 Transitional//EN"
    "http://www.w3.org/TR/xhtml1/DTD/xhtml1-transitional.dtd">
<html xmlns="http://www.w3.org/1999/xhtml" xml:lang="en" lang="en">
 <head>
  <title>
</title>
<meta http-equiv="Content-Type" content="text/html;charset=utf-8" />
  <meta name='ocr-system' content='tesseract 3.04.00' />
  <meta name='ocr-capabilities' content='ocr_page ocr_carea ocr_par ocr_line ocrx_word'/>
</head>
<body>
  <div class='ocr_page' id='page_1' title='image "./silvarvmlibri00buecgoog_0110.png"; bbox 0 0 3814 5552; ppageno 0'>
   <div class='ocr_carea' id='block_1_1' title="bbox 699 397 1117 472">
    <p class='ocr_par' dir='ltr' id='par_1_1' title="bbox 699 397 1117 472">
     <span class='ocr_line' id='line_1_1' title="bbox 699 397 1117 472; baseline 0 -17"><span class='ocrx_word' id='word_1_1' title='bbox 699 397 885 456; x_wconf 78' lang='lat' dir='ltr'><strong>sinvaavu</strong></span> <span class='ocrx_word' id='word_1_2' title='bbox 904 399 915 452; x_wconf 87' lang='lat'>1</span> <span class='ocrx_word' id='word_1_3' title='bbox 936 405 960 454; x_wconf 80' lang='lat' dir='ltr'><strong>a.</strong></span> <span class='ocrx_word' id='word_1_4' title='bbox 984 397 1009 454; x_wconf 89' lang='lat' dir='ltr'><strong>u</strong></span> <span class='ocrx_word' id='word_1_5' title='bbox 1029 400 1117 472; x_wconf 81' lang='lat' dir='ltr'><strong>praef.</strong></span> 
     </span>
    </p>
   </div>
   <div class='ocr_carea' id='block_1_2' title="bbox 793 839 1017 913">
    <p class='ocr_par' dir='ltr' id='par_1_2' title="bbox 793 839 1017 913">
     <span class='ocr_line' id='line_1_2' title="bbox 793 839 1017 913; baseline -0.004 0"><span class='ocrx_word' id='word_1_6' title='bbox 793 840 955 913; x_wconf 82' lang='lat' dir='ltr'>LIBER</span> <span class='ocrx_word' id='word_1_7' title='bbox 981 839 1017 912; x_wconf 96' lang='lat' dir='ltr'><strong>Il</strong></span> 
     </span>
    </p>
   </div>
   <div class='ocr_carea' id='block_1_3' title="bbox 605 1013 1200 1064">
    <p class='ocr_par' dir='ltr' id='par_1_3' title="bbox 605 1013 1200 1064">
     <span class='ocr_line' id='line_1_3' title="bbox 605 1013 1200 1064; baseline -0.002 -1"><span class='ocrx_word' id='word_1_8' title='bbox 605 1015 749 1064; x_wconf 75' lang='lat' dir='ltr'><strong>sumus</strong></span> <span class='ocrx_word' id='word_1_9' title='bbox 774 1013 921 1063; x_wconf 82' lang='lat' dir='ltr'><strong>MELlORl</strong></span> <span class='ocrx_word' id='word_1_10' title='bbox 946 1013 1011 1063; x_wconf 87' lang='lat' dir='ltr'><strong>SVO</strong></span> <span class='ocrx_word' id='word_1_11' title='bbox 1036 1014 1200 1064; x_wconf 78' lang='lat' dir='ltr'>SALVTEM</span> 
     </span>
    </p>
   </div>
   <div class='ocr_carea' id='block_1_4' title="bbox 222 1133 1616 4628">
    <p class='ocr_par' dir='ltr' id='par_1_4' title="bbox 225 1133 1616 3826">
     <span class='ocr_line' id='line_1_4' title="bbox 322 1133 1570 1246; baseline -0.005 -16"><span class='ocrx_word' id='word_1_12' title='bbox 322 1133 374 1230; x_wconf 79' lang='lat' dir='ltr'><strong>Et</strong></span> <span class='ocrx_word' id='word_1_13' title='bbox 397 1159 600 1226; x_wconf 79' lang='lat' dir='ltr'><strong>familiaritas</strong></span> <span class='ocrx_word' id='word_1_14' title='bbox 623 1165 734 1226; x_wconf 86' lang='lat' dir='ltr'><strong>nostra</strong></span> <span class='ocrx_word' id='word_1_15' title='bbox 757 1183 821 1244; x_wconf 91' lang='lat' dir='ltr'><strong>qua</strong></span> <span class='ocrx_word' id='word_1_16' title='bbox 843 1159 981 1246; x_wconf 84' lang='lat' dir='ltr'><strong>gaudeo,</strong></span> <span class='ocrx_word' id='word_1_17' title='bbox 1005 1157 1133 1242; x_wconf 81' lang='lat' dir='ltr'><strong>Melior,</strong></span> <span class='ocrx_word' id='word_1_18' title='bbox 1161 1157 1213 1222; x_wconf 90' lang='lat' dir='ltr'><strong>uir</strong></span> <span class='ocrx_word' id='word_1_19' title='bbox 1235 1157 1357 1242; x_wconf 90' lang='lat' dir='ltr'><strong>optime</strong></span> <span class='ocrx_word' id='word_1_20' title='bbox 1381 1181 1440 1223; x_wconf 86' lang='lat' dir='ltr'><strong>nec</strong></span> <span class='ocrx_word' id='word_1_21' title='bbox 1463 1158 1570 1225; x_wconf 89' lang='lat' dir='ltr'><strong>minus</strong></span> 
     </span>
     <span class='ocr_line' id='line_1_5' title="bbox 235 1265 1570 1352; baseline -0.003 -18"><span class='ocrx_word' id='word_1_22' title='bbox 235 1267 268 1334; x_wconf 90' lang='lat' dir='ltr'><strong>in</strong></span> <span class='ocrx_word' id='word_1_23' title='bbox 298 1267 414 1333; x_wconf 89' lang='lat' dir='ltr'><strong>iudicio</strong></span> <span class='ocrx_word' id='word_1_24' title='bbox 442 1266 623 1332; x_wconf 86' lang='lat' dir='ltr'><strong>litterarum</strong></span> <span class='ocrx_word' id='word_1_25' title='bbox 652 1291 748 1352; x_wconf 86' lang='lat' dir='ltr'><strong>quam</strong></span> <span class='ocrx_word' id='word_1_26' title='bbox 777 1267 811 1331; x_wconf 91' lang='lat' dir='ltr'><strong>in</strong></span> <span class='ocrx_word' id='word_1_27' title='bbox 838 1266 926 1332; x_wconf 90' lang='lat' dir='ltr'><strong>omni</strong></span> <span class='ocrx_word' id='word_1_28' title='bbox 958 1265 1044 1330; x_wconf 91' lang='lat' dir='ltr'><strong>uitae</strong></span> <span class='ocrx_word' id='word_1_29' title='bbox 1074 1266 1180 1330; x_wconf 89' lang='lat' dir='ltr'><strong>colore</strong></span> <span class='ocrx_word' id='word_1_30' title='bbox 1214 1265 1402 1349; x_wconf 88' lang='lat' dir='ltr'><strong>tersissime,</strong></span> <span class='ocrx_word' id='word_1_31' title='bbox 1434 1271 1466 1331; x_wconf 90' lang='lat' dir='ltr'><strong>et</strong></span> <span class='ocrx_word' id='word_1_32' title='bbox 1499 1266 1570 1352; x_wconf 89' lang='lat' dir='ltr'><strong>ipsa</strong></span> 
     </span>
     <span class='ocr_line' id='line_1_6' title="bbox 235 1372 1569 1461; baseline -0.001 -21"><span class='ocrx_word' id='word_1_33' title='bbox 235 1375 465 1461; x_wconf 82' lang='lat' dir='ltr'>opusculorum</span> <span class='ocrx_word' id='word_1_34' title='bbox 488 1397 570 1461; x_wconf 92' lang='lat' dir='ltr'><strong>quae</strong></span> <span class='ocrx_word' id='word_1_35' title='bbox 594 1373 655 1442; x_wconf 92' lang='lat' dir='ltr'><strong>tibi</strong></span> <span class='ocrx_word' id='word_1_36' title='bbox 683 1375 775 1440; x_wconf 87' lang='lat' dir='ltr'><strong>trado</strong></span> <span class='ocrx_word' id='word_1_37' title='bbox 800 1373 943 1440; x_wconf 89' lang='lat' dir='ltr'><strong>condicio</strong></span> <span class='ocrx_word' id='word_1_38' title='bbox 972 1373 1017 1438; x_wconf 90' lang='lat' dir='ltr'><strong>sio</strong></span> <span class='ocrx_word' id='word_1_39' title='bbox 1044 1372 1151 1458; x_wconf 85' lang='lat' dir='ltr'><strong>posita</strong></span> <span class='ocrx_word' id='word_1_40' title='bbox 1180 1377 1242 1460; x_wconf 89' lang='lat' dir='ltr'><strong>est,</strong></span> <span class='ocrx_word' id='word_1_41' title='bbox 1271 1378 1308 1438; x_wconf 92' lang='lat' dir='ltr'><strong>ut</strong></span> <span class='ocrx_word' id='word_1_42' title='bbox 1333 1378 1422 1440; x_wconf 86' lang='lat' dir='ltr'><strong>totus</strong></span> <span class='ocrx_word' id='word_1_43' title='bbox 1450 1374 1503 1439; x_wconf 93' lang='lat' dir='ltr'><strong>hic</strong></span> <span class='ocrx_word' id='word_1_44' title='bbox 1530 1375 1569 1439; x_wconf 90' lang='lat' dir='ltr'><strong>ad</strong></span> 
     </span>
     <span class='ocr_line' id='line_1_7' title="bbox 235 1479 1568 1567; baseline 0 -20"><span class='ocrx_word' id='word_1_45' title='bbox 235 1488 266 1548; x_wconf 91' lang='lat' dir='ltr'><strong>te</strong></span> <span class='ocrx_word' id='word_1_46' title='bbox 294 1482 377 1548; x_wconf 88' lang='lat' dir='ltr'><strong>liber</strong></span> <span class='ocrx_word' id='word_1_47' title='bbox 404 1505 494 1548; x_wconf 91' lang='lat' dir='ltr'><strong>meus</strong></span> <span class='ocrx_word' id='word_1_48' title='bbox 525 1482 622 1548; x_wconf 90' lang='lat' dir='ltr'><strong>etiam</strong></span> <span class='ocrx_word' id='word_1_49' title='bbox 655 1483 724 1548; x_wconf 85' lang='lat' dir='ltr'><strong>sine</strong></span> <span class='ocrx_word' id='word_1_50' title='bbox 757 1481 895 1567; x_wconf 90' lang='lat' dir='ltr'><strong>epistola</strong></span> <span class='ocrx_word' id='word_1_51' title='bbox 928 1485 1061 1566; x_wconf 92' lang='lat' dir='ltr'><strong>spectet.</strong></span> <span class='ocrx_word' id='word_1_52' title='bbox 1106 1480 1247 1566; x_wconf 91' lang='lat' dir='ltr'><strong>primum</strong></span> <span class='ocrx_word' id='word_1_53' title='bbox 1280 1479 1365 1546; x_wconf 92' lang='lat' dir='ltr'><strong>enim</strong></span> <span class='ocrx_word' id='word_1_54' title='bbox 1397 1479 1495 1545; x_wconf 91' lang='lat' dir='ltr'><strong>habet</strong></span> <span class='ocrx_word' id='word_1_55' title='bbox 1520 1481 1568 1566; x_wconf 89' lang='lat'><strong>[1]</strong></span> 
     </span>
     <span class='ocr_line' id='line_1_8' title="bbox 233 1586 1616 1678; baseline -0.001 -22"><span class='ocrx_word' id='word_1_56' title='bbox 233 1589 398 1656; x_wconf 78' lang='lat' dir='ltr'><strong>Glauciam</strong></span> <span class='ocrx_word' id='word_1_57' title='bbox 421 1593 582 1677; x_wconf 89' lang='lat' dir='ltr'><strong>nostrum,</strong></span> <span class='ocrx_word' id='word_1_58' title='bbox 609 1590 699 1656; x_wconf 89' lang='lat' dir='ltr'><strong>cuius</strong></span> <span class='ocrx_word' id='word_1_59' title='bbox 727 1589 911 1678; x_wconf 90' lang='lat' dir='ltr'><strong>gratissima</strong></span> <span class='ocrx_word' id='word_1_60' title='bbox 938 1587 1074 1656; x_wconf 85' lang='lat' dir='ltr'><strong>infantia</strong></span> <span class='ocrx_word' id='word_1_61' title='bbox 1100 1591 1133 1653; x_wconf 92' lang='lat' dir='ltr'><strong>et</strong></span> <span class='ocrx_word' id='word_1_62' title='bbox 1156 1586 1283 1674; x_wconf 90' lang='lat' dir='ltr'><strong>qualem</strong></span> <span class='ocrx_word' id='word_1_63' title='bbox 1306 1587 1494 1673; x_wconf 91' lang='lat' dir='ltr'><strong>plerumque</strong></span> <span class='ocrx_word' id='word_1_64' title='bbox 1518 1588 1563 1654; x_wconf 91' lang='lat' dir='ltr'><strong>in·</strong></span> <span class='ocrx_word' id='word_1_65' title='bbox 1600 1608 1616 1655; x_wconf 73' lang='grc' dir='ltr'>ὁ</span> 
     </span>
     <span class='ocr_line' id='line_1_9' title="bbox 231 1694 1562 1783; baseline -0.002 -21"><span class='ocrx_word' id='word_1_66' title='bbox 231 1697 342 1763; x_wconf 81' lang='lat' dir='ltr'><strong>felices</strong></span> <span class='ocrx_word' id='word_1_67' title='bbox 374 1697 553 1764; x_wconf 90' lang='lat' dir='ltr'><strong>sortiuntur</strong></span> <span class='ocrx_word' id='word_1_68' title='bbox 580 1737 624 1745; x_wconf 95' lang='lat'>—</span> <span class='ocrx_word' id='word_1_69' title='bbox 651 1698 737 1783; x_wconf 91' lang='lat' dir='ltr'><strong>apud</strong></span> <span class='ocrx_word' id='word_1_70' title='bbox 769 1702 802 1761; x_wconf 92' lang='lat' dir='ltr'><strong>te</strong></span> <span class='ocrx_word' id='word_1_71' title='bbox 835 1696 1021 1782; x_wconf 88' lang='lat' dir='ltr'><strong>complexus</strong></span> <span class='ocrx_word' id='word_1_72' title='bbox 1053 1695 1200 1760; x_wconf 83' lang='lat' dir='ltr'><strong>amabam</strong></span> <span class='ocrx_word' id='word_1_73' title='bbox 1228 1733 1271 1742; x_wconf 95' lang='lat'>-</span> <span class='ocrx_word' id='word_1_74' title='bbox 1300 1694 1363 1760; x_wconf 94' lang='lat' dir='ltr'><strong>iam</strong></span> <span class='ocrx_word' id='word_1_75' title='bbox 1395 1717 1461 1761; x_wconf 91' lang='lat' dir='ltr'><strong>nou</strong></span> <span class='ocrx_word' id='word_1_76' title='bbox 1493 1695 1562 1761; x_wconf 90' lang='lat' dir='ltr'><strong>tibi.</strong></span> 
     </span>
     <span class='ocr_line' id='line_1_10' title="bbox 231 1803 1563 1891; baseline -0.002 -21"><span class='ocrx_word' id='word_1_77' title='bbox 231 1805 328 1872; x_wconf 91' lang='lat' dir='ltr'><strong>huius</strong></span> <span class='ocrx_word' id='word_1_78' title='bbox 351 1805 461 1872; x_wconf 88' lang='lat' dir='ltr'><strong>amissi</strong></span> <span class='ocrx_word' id='word_1_79' title='bbox 484 1828 594 1870; x_wconf 88' lang='lat' dir='ltr'><strong>recens</strong></span> <span class='ocrx_word' id='word_1_80' title='bbox 617 1806 744 1891; x_wconf 90' lang='lat' dir='ltr'><strong>uulnus,</strong></span> <span class='ocrx_word' id='word_1_81' title='bbox 766 1809 803 1869; x_wconf 95' lang='lat' dir='ltr'><strong>ut</strong></span> <span class='ocrx_word' id='word_1_82' title='bbox 826 1804 897 1890; x_wconf 86' lang='lat' dir='ltr'><strong>seis,</strong></span> <span class='ocrx_word' id='word_1_83' title='bbox 921 1803 1062 1890; x_wconf 87' lang='lat' dir='ltr'><strong>epicedio</strong></span> <span class='ocrx_word' id='word_1_84' title='bbox 1080 1807 1270 1889; x_wconf 88' lang='lat' dir='ltr'><strong>prosecutus</strong></span> <span class='ocrx_word' id='word_1_85' title='bbox 1289 1824 1358 1868; x_wconf 89' lang='lat' dir='ltr'><strong>sum</strong></span> <span class='ocrx_word' id='word_1_86' title='bbox 1378 1804 1457 1869; x_wconf 87' lang='lat' dir='ltr'><strong>adeo</strong></span> <span class='ocrx_word' id='word_1_87' title='bbox 1476 1804 1563 1869; x_wconf 85' lang='lat' dir='ltr'><strong>festi-</strong></span> 
     </span>
     <span class='ocr_line' id='line_1_11' title="bbox 230 1910 1564 1998; baseline -0.001 -20"><span class='ocrx_word' id='word_1_88' title='bbox 230 1917 355 1998; x_wconf 88' lang='lat' dir='ltr'><strong>nanter,</strong></span> <span class='ocrx_word' id='word_1_89' title='bbox 378 1917 414 1979; x_wconf 88' lang='lat' dir='ltr'><strong>ut</strong></span> <span class='ocrx_word' id='word_1_90' title='bbox 438 1914 651 1979; x_wconf 80' lang='lat' dir='ltr'><strong>excusandam</strong></span> <span class='ocrx_word' id='word_1_91' title='bbox 674 1912 843 1978; x_wconf 88' lang='lat' dir='ltr'><strong>habuerim</strong></span> <span class='ocrx_word' id='word_1_92' title='bbox 866 1912 1036 1978; x_wconf 84' lang='lat' dir='ltr'><strong>affectibus</strong></span> <span class='ocrx_word' id='word_1_93' title='bbox 1058 1911 1124 1976; x_wconf 92' lang='lat' dir='ltr'><strong>tuis</strong></span> <span class='ocrx_word' id='word_1_94' title='bbox 1147 1910 1352 1976; x_wconf 75' lang='lat' dir='ltr'><strong>celeritatem.</strong></span> <span class='ocrx_word' id='word_1_95' title='bbox 1397 1933 1457 1977; x_wconf 86' lang='lat' dir='ltr'><strong>nec</strong></span> <span class='ocrx_word' id='word_1_96' title='bbox 1478 1934 1564 1978; x_wconf 89' lang='lat' dir='ltr'><strong>nune</strong></span> 
     </span>
     <span class='ocr_line' id='line_1_12' title="bbox 231 2018 1563 2106; baseline 0 -21"><span class='ocrx_word' id='word_1_97' title='bbox 231 2043 302 2085; x_wconf 91' lang='lat' dir='ltr'><strong>eam</strong></span> <span class='ocrx_word' id='word_1_98' title='bbox 325 2021 409 2106; x_wconf 89' lang='lat' dir='ltr'><strong>apud</strong></span> <span class='ocrx_word' id='word_1_99' title='bbox 433 2025 466 2086; x_wconf 90' lang='lat' dir='ltr'><strong>te</strong></span> <span class='ocrx_word' id='word_1_100' title='bbox 489 2019 588 2106; x_wconf 85' lang='lat' dir='ltr'><strong>iactu,</strong></span> <span class='ocrx_word' id='word_1_101' title='bbox 616 2021 671 2106; x_wconf 91' lang='lat' dir='ltr'><strong>qui</strong></span> <span class='ocrx_word' id='word_1_102' title='bbox 695 2020 795 2105; x_wconf 91' lang='lat' dir='ltr'><strong>nosti,</strong></span> <span class='ocrx_word' id='word_1_103' title='bbox 823 2020 879 2086; x_wconf 92' lang='lat' dir='ltr'><strong>sed</strong></span> <span class='ocrx_word' id='word_1_104' title='bbox 902 2025 935 2084; x_wconf 90' lang='lat' dir='ltr'><strong>et</strong></span> <span class='ocrx_word' id='word_1_105' title='bbox 958 2019 1074 2086; x_wconf 87' lang='lat' dir='ltr'><strong>ceteris</strong></span> <span class='ocrx_word' id='word_1_106' title='bbox 1096 2018 1215 2103; x_wconf 90' lang='lat' dir='ltr'><strong>indico,</strong></span> <span class='ocrx_word' id='word_1_107' title='bbox 1242 2040 1283 2084; x_wconf 92' lang='lat' dir='ltr'><strong>ne</strong></span> <span class='ocrx_word' id='word_1_108' title='bbox 1307 2018 1380 2104; x_wconf 90' lang='lat' dir='ltr'><strong>quis</strong></span> <span class='ocrx_word' id='word_1_109' title='bbox 1403 2019 1563 2104; x_wconf 86' lang='lat' dir='ltr'><strong>asperiore</strong></span> 
     </span>
     <span class='ocr_line' id='line_1_13' title="bbox 229 2125 1616 2212; baseline 0.001 -18"><span class='ocrx_word' id='word_1_110' title='bbox 229 2126 308 2194; x_wconf 89' lang='lat' dir='ltr'><strong>lima</strong></span> <span class='ocrx_word' id='word_1_111' title='bbox 330 2149 459 2194; x_wconf 87' lang='lat' dir='ltr'><strong>carmen</strong></span> <span class='ocrx_word' id='word_1_112' title='bbox 485 2127 648 2193; x_wconf 87' lang='lat' dir='ltr'><strong>examinet</strong></span> <span class='ocrx_word' id='word_1_113' title='bbox 676 2133 709 2192; x_wconf 91' lang='lat' dir='ltr'><strong>et</strong></span> <span class='ocrx_word' id='word_1_114' title='bbox 736 2151 755 2192; x_wconf 91' lang='lat' dir='ltr'><strong>a</strong></span> <span class='ocrx_word' id='word_1_115' title='bbox 782 2127 915 2193; x_wconf 83' lang='lat' dir='ltr'><strong>confuso</strong></span> <span class='ocrx_word' id='word_1_116' title='bbox 943 2126 1099 2212; x_wconf 90' lang='lat' dir='ltr'><strong>scriptum</strong></span> <span class='ocrx_word' id='word_1_117' title='bbox 1127 2131 1160 2192; x_wconf 90' lang='lat' dir='ltr'><strong>et</strong></span> <span class='ocrx_word' id='word_1_118' title='bbox 1188 2126 1310 2192; x_wconf 91' lang='lat' dir='ltr'><strong>dolenti</strong></span> <span class='ocrx_word' id='word_1_119' title='bbox 1338 2125 1462 2212; x_wconf 90' lang='lat' dir='ltr'><strong>datum,</strong></span> <span class='ocrx_word' id='word_1_120' title='bbox 1490 2149 1562 2191; x_wconf 90' lang='lat' dir='ltr'><strong>cum</strong></span> <span class='ocrx_word' id='word_1_121' title='bbox 1582 2146 1616 2196; x_wconf 82' lang='grc' dir='ltr'><strong>ιο</strong></span> 
     </span>
     <span class='ocr_line' id='line_1_14' title="bbox 229 2232 1563 2321; baseline -0.001 -22"><span class='ocrx_word' id='word_1_122' title='bbox 229 2257 330 2321; x_wconf 89' lang='lat' dir='ltr'><strong>paene</strong></span> <span class='ocrx_word' id='word_1_123' title='bbox 358 2257 556 2321; x_wconf 90' lang='lat' dir='ltr'><strong>superuacua</strong></span> <span class='ocrx_word' id='word_1_124' title='bbox 588 2235 654 2300; x_wconf 90' lang='lat' dir='ltr'><strong>sint</strong></span> <span class='ocrx_word' id='word_1_125' title='bbox 687 2235 778 2301; x_wconf 88' lang='lat' dir='ltr'><strong>tarda</strong></span> <span class='ocrx_word' id='word_1_126' title='bbox 801 2235 929 2300; x_wconf 90' lang='lat' dir='ltr'><strong>solacia.</strong></span> <span class='ocrx_word' id='word_1_127' title='bbox 975 2233 1059 2300; x_wconf 93' lang='lat' dir='ltr'><strong>Polli</strong></span> <span class='ocrx_word' id='word_1_128' title='bbox 1087 2233 1151 2299; x_wconf 92' lang='lat' dir='ltr'><strong>mei</strong></span> <span class='ocrx_word' id='word_1_129' title='bbox 1175 2233 1223 2320; x_wconf 82' lang='lat'><strong>[2]</strong></span> <span class='ocrx_word' id='word_1_130' title='bbox 1257 2233 1337 2298; x_wconf 92' lang='lat' dir='ltr'><strong>uilla</strong></span> <span class='ocrx_word' id='word_1_131' title='bbox 1365 2232 1563 2320; x_wconf 86' lang='lat' dir='ltr'><strong>Surrentina,</strong></span> 
     </span>
     <span class='ocr_line' id='line_1_15' title="bbox 229 2341 1562 2428; baseline 0 -22"><span class='ocrx_word' id='word_1_132' title='bbox 229 2358 311 2428; x_wconf 91' lang='lat' dir='ltr'><strong>quae</strong></span> <span class='ocrx_word' id='word_1_133' title='bbox 334 2342 488 2427; x_wconf 87' lang='lat' dir='ltr'><strong>sequitur,</strong></span> <span class='ocrx_word' id='word_1_134' title='bbox 512 2343 624 2409; x_wconf 90' lang='lat' dir='ltr'><strong>debuit</strong></span> <span class='ocrx_word' id='word_1_135' title='bbox 647 2365 665 2407; x_wconf 93' lang='lat' dir='ltr'><strong>a</strong></span> <span class='ocrx_word' id='word_1_136' title='bbox 688 2365 739 2407; x_wconf 92' lang='lat' dir='ltr'><strong>me</strong></span> <span class='ocrx_word' id='word_1_137' title='bbox 763 2343 816 2407; x_wconf 93' lang='lat' dir='ltr'><strong>uel</strong></span> <span class='ocrx_word' id='word_1_138' title='bbox 837 2341 870 2406; x_wconf 89' lang='lat' dir='ltr'><strong>in</strong></span> <span class='ocrx_word' id='word_1_139' title='bbox 889 2342 1044 2408; x_wconf 90' lang='lat' dir='ltr'><strong>honorem</strong></span> <span class='ocrx_word' id='word_1_140' title='bbox 1065 2341 1268 2427; x_wconf 85' lang='lat' dir='ltr'><strong>eloquentiae</strong></span> <span class='ocrx_word' id='word_1_141' title='bbox 1287 2341 1355 2407; x_wconf 88' lang='lat' dir='ltr'><strong>eius</strong></span> <span class='ocrx_word' id='word_1_142' title='bbox 1374 2341 1562 2428; x_wconf 89' lang='lat' dir='ltr'><strong>diligentius</strong></span> 
     </span>
     <span class='ocr_line' id='line_1_16' title="bbox 229 2448 1562 2537; baseline 0 -23"><span class='ocrx_word' id='word_1_143' title='bbox 229 2449 301 2536; x_wconf 91' lang='lat' dir='ltr'><strong>dici,</strong></span> <span class='ocrx_word' id='word_1_144' title='bbox 323 2450 380 2515; x_wconf 90' lang='lat' dir='ltr'><strong>sed</strong></span> <span class='ocrx_word' id='word_1_145' title='bbox 402 2450 523 2516; x_wconf 86' lang='lat' dir='ltr'><strong>amicus</strong></span> <span class='ocrx_word' id='word_1_146' title='bbox 546 2449 683 2537; x_wconf 89' lang='lat' dir='ltr'><strong>ignouit.</strong></span> <span class='ocrx_word' id='word_1_147' title='bbox 724 2450 757 2514; x_wconf 92' lang='lat' dir='ltr'><strong>in</strong></span> <span class='ocrx_word' id='word_1_148' title='bbox 781 2449 928 2515; x_wconf 88' lang='lat' dir='ltr'><strong>arborem</strong></span> <span class='ocrx_word' id='word_1_149' title='bbox 950 2449 996 2532; x_wconf 84' lang='lat'><strong>[3]</strong></span> <span class='ocrx_word' id='word_1_150' title='bbox 1018 2454 1103 2514; x_wconf 91' lang='lat' dir='ltr'><strong>certe</strong></span> <span class='ocrx_word' id='word_1_151' title='bbox 1127 2454 1224 2536; x_wconf 91' lang='lat' dir='ltr'><strong>tuam,</strong></span> <span class='ocrx_word' id='word_1_152' title='bbox 1247 2448 1371 2534; x_wconf 89' lang='lat' dir='ltr'><strong>Melior,</strong></span> <span class='ocrx_word' id='word_1_153' title='bbox 1394 2453 1427 2513; x_wconf 91' lang='lat' dir='ltr'><strong>et</strong></span> <span class='ocrx_word' id='word_1_154' title='bbox 1449 2449 1562 2535; x_wconf 90' lang='lat' dir='ltr'><strong>psitta-</strong></span> 
     </span>
     <span class='ocr_line' id='line_1_17' title="bbox 228 2555 1562 2644; baseline 0 -22"><span class='ocrx_word' id='word_1_155' title='bbox 228 2578 301 2622; x_wconf 90' lang='lat' dir='ltr'><strong>cum</strong></span> <span class='ocrx_word' id='word_1_156' title='bbox 327 2556 375 2644; x_wconf 81' lang='lat'><strong>[4]</strong></span> <span class='ocrx_word' id='word_1_157' title='bbox 403 2557 466 2623; x_wconf 90' lang='lat' dir='ltr'><strong>scis</strong></span> <span class='ocrx_word' id='word_1_158' title='bbox 498 2581 517 2622; x_wconf 91' lang='lat' dir='ltr'><strong>a</strong></span> <span class='ocrx_word' id='word_1_159' title='bbox 549 2580 600 2623; x_wconf 91' lang='lat' dir='ltr'><strong>me</strong></span> <span class='ocrx_word' id='word_1_160' title='bbox 632 2557 721 2622; x_wconf 90' lang='lat' dir='ltr'><strong>leues</strong></span> <span class='ocrx_word' id='word_1_161' title='bbox 753 2557 881 2622; x_wconf 91' lang='lat' dir='ltr'><strong>libellos</strong></span> <span class='ocrx_word' id='word_1_162' title='bbox 914 2557 1005 2643; x_wconf 90' lang='lat' dir='ltr'><strong>quasi</strong></span> <span class='ocrx_word' id='word_1_163' title='bbox 1038 2555 1280 2644; x_wconf 83' lang='lat' dir='ltr'><strong>epigrammatis</strong></span> <span class='ocrx_word' id='word_1_164' title='bbox 1311 2555 1382 2621; x_wconf 93' lang='lat' dir='ltr'><strong>loco</strong></span> <span class='ocrx_word' id='word_1_165' title='bbox 1416 2557 1562 2641; x_wconf 88' lang='lat' dir='ltr'><strong>scriptos.</strong></span> 
     </span>
     <span class='ocr_line' id='line_1_18' title="bbox 228 2663 1613 2752; baseline 0.003 -24"><span class='ocrx_word' id='word_1_166' title='bbox 228 2664 361 2730; x_wconf 90' lang='lat' dir='ltr'><strong>eandem</strong></span> <span class='ocrx_word' id='word_1_167' title='bbox 390 2664 542 2752; x_wconf 81' lang='lat' dir='ltr'><strong>exigebat</strong></span> <span class='ocrx_word' id='word_1_168' title='bbox 569 2664 637 2731; x_wconf 87' lang='lat' dir='ltr'><strong>stili</strong></span> <span class='ocrx_word' id='word_1_169' title='bbox 665 2663 854 2730; x_wconf 86' lang='lat' dir='ltr'><strong>facilitatem</strong></span> <span class='ocrx_word' id='word_1_170' title='bbox 880 2667 926 2748; x_wconf 83' lang='lat'><strong>[5]</strong></span> <span class='ocrx_word' id='word_1_171' title='bbox 955 2665 1007 2730; x_wconf 92' lang='lat' dir='ltr'><strong>leo</strong></span> <span class='ocrx_word' id='word_1_172' title='bbox 1035 2668 1235 2748; x_wconf 90' lang='lat' dir='ltr'><strong>mansuetus,</strong></span> <span class='ocrx_word' id='word_1_173' title='bbox 1264 2685 1359 2749; x_wconf 91' lang='lat' dir='ltr'><strong>quem</strong></span> <span class='ocrx_word' id='word_1_174' title='bbox 1383 2663 1416 2727; x_wconf 93' lang='lat' dir='ltr'><strong>in</strong></span> <span class='ocrx_word' id='word_1_175' title='bbox 1439 2664 1613 2749; x_wconf 84' lang='lat' dir='ltr'><strong>amphi-15</strong></span> 
     </span>
     <span class='ocr_line' id='line_1_19' title="bbox 227 2770 1561 2860; baseline -0.001 -24"><span class='ocrx_word' id='word_1_176' title='bbox 227 2771 355 2837; x_wconf 90' lang='lat' dir='ltr'><strong>theatro</strong></span> <span class='ocrx_word' id='word_1_177' title='bbox 384 2776 581 2858; x_wconf 89' lang='lat' dir='ltr'><strong>prostratum</strong></span> <span class='ocrx_word' id='word_1_178' title='bbox 614 2771 768 2860; x_wconf 88' lang='lat' dir='ltr'><strong>frigidum</strong></span> <span class='ocrx_word' id='word_1_179' title='bbox 801 2775 870 2836; x_wconf 91' lang='lat' dir='ltr'><strong>erat</strong></span> <span class='ocrx_word' id='word_1_180' title='bbox 902 2771 1117 2838; x_wconf 85' lang='lat' dir='ltr'><strong>sacratissimo</strong></span> <span class='ocrx_word' id='word_1_181' title='bbox 1154 2771 1344 2857; x_wconf 85' lang='lat' dir='ltr'><strong>Imperatori</strong></span> <span class='ocrx_word' id='word_1_182' title='bbox 1380 2770 1414 2835; x_wconf 91' lang='lat' dir='ltr'><strong>ni</strong></span> <span class='ocrx_word' id='word_1_183' title='bbox 1451 2770 1561 2836; x_wconf 88' lang='lat' dir='ltr'><strong>statim</strong></span> 
     </span>
     <span class='ocr_line' id='line_1_20' title="bbox 226 2877 1560 2965; baseline -0.001 -22"><span class='ocrx_word' id='word_1_184' title='bbox 226 2879 394 2946; x_wconf 89' lang='lat' dir='ltr'><strong>traderem.</strong></span> <span class='ocrx_word' id='word_1_185' title='bbox 441 2880 481 2944; x_wconf 90' lang='lat' dir='ltr'><strong>ad</strong></span> <span class='ocrx_word' id='word_1_186' title='bbox 499 2879 619 2946; x_wconf 90' lang='lat' dir='ltr'><strong>Vrsum</strong></span> <span class='ocrx_word' id='word_1_187' title='bbox 643 2901 771 2965; x_wconf 92' lang='lat' dir='ltr'><strong>quoque</strong></span> <span class='ocrx_word' id='word_1_188' title='bbox 794 2885 955 2964; x_wconf 85' lang='lat' dir='ltr'><strong>nostrum,</strong></span> <span class='ocrx_word' id='word_1_189' title='bbox 978 2879 1127 2946; x_wconf 90' lang='lat' dir='ltr'><strong>iuuenem</strong></span> <span class='ocrx_word' id='word_1_190' title='bbox 1151 2878 1412 2944; x_wconf 86' lang='lat' dir='ltr'><strong>candidissimum</strong></span> <span class='ocrx_word' id='word_1_191' title='bbox 1436 2883 1469 2943; x_wconf 92' lang='lat' dir='ltr'><strong>et</strong></span> <span class='ocrx_word' id='word_1_192' title='bbox 1492 2877 1560 2943; x_wconf 90' lang='lat' dir='ltr'><strong>sine</strong></span> 
     </span>
     <span class='ocr_line' id='line_1_21' title="bbox 226 2985 1560 3074; baseline 0 -24"><span class='ocrx_word' id='word_1_193' title='bbox 226 2985 350 3052; x_wconf 90' lang='lat' dir='ltr'><strong>iactura</strong></span> <span class='ocrx_word' id='word_1_194' title='bbox 373 2986 512 3054; x_wconf 85' lang='lat' dir='ltr'><strong>desidiae</strong></span> <span class='ocrx_word' id='word_1_195' title='bbox 536 2987 772 3074; x_wconf 89' lang='lat' dir='ltr'><strong>doctissimum,</strong></span> <span class='ocrx_word' id='word_1_196' title='bbox 799 2987 952 3073; x_wconf 89' lang='lat' dir='ltr'><strong>scriptam</strong></span> <span class='ocrx_word' id='word_1_197' title='bbox 975 2987 1013 3052; x_wconf 90' lang='lat' dir='ltr'><strong>de</strong></span> <span class='ocrx_word' id='word_1_198' title='bbox 1042 2986 1159 3052; x_wconf 88' lang='lat' dir='ltr'><strong>amisso</strong></span> <span class='ocrx_word' id='word_1_199' title='bbox 1184 3008 1283 3072; x_wconf 89' lang='lat' dir='ltr'><strong>puero</strong></span> <span class='ocrx_word' id='word_1_200' title='bbox 1307 2986 1560 3052; x_wconf 90' lang='lat' dir='ltr'><strong>consolationem</strong></span> 
     </span>
     <span class='ocr_line' id='line_1_22' title="bbox 228 3093 1560 3180; baseline -0.001 -21"><span class='ocrx_word' id='word_1_201' title='bbox 228 3096 275 3176; x_wconf 84' lang='lat'><strong>[6]</strong></span> <span class='ocrx_word' id='word_1_202' title='bbox 300 3117 397 3180; x_wconf 89' lang='lat' dir='ltr'><strong>super</strong></span> <span class='ocrx_word' id='word_1_203' title='bbox 420 3117 457 3159; x_wconf 90' lang='lat' dir='ltr'><strong>ea</strong></span> <span class='ocrx_word' id='word_1_204' title='bbox 480 3117 562 3180; x_wconf 91' lang='lat' dir='ltr'><strong>quae</strong></span> <span class='ocrx_word' id='word_1_205' title='bbox 585 3093 648 3180; x_wconf 89' lang='lat' dir='ltr'><strong>ipsi</strong></span> <span class='ocrx_word' id='word_1_206' title='bbox 672 3094 772 3160; x_wconf 90' lang='lat' dir='ltr'><strong>debeo</strong></span> <span class='ocrx_word' id='word_1_207' title='bbox 795 3094 871 3159; x_wconf 87' lang='lat' dir='ltr'><strong>huic</strong></span> <span class='ocrx_word' id='word_1_208' title='bbox 891 3095 976 3160; x_wconf 89' lang='lat' dir='ltr'><strong>libro</strong></span> <span class='ocrx_word' id='word_1_209' title='bbox 995 3095 1136 3160; x_wconf 89' lang='lat' dir='ltr'><strong>libenter</strong></span> <span class='ocrx_word' id='word_1_210' title='bbox 1154 3093 1284 3178; x_wconf 90' lang='lat' dir='ltr'><strong>inserui,</strong></span> <span class='ocrx_word' id='word_1_211' title='bbox 1307 3093 1382 3178; x_wconf 89' lang='lat' dir='ltr'><strong>quia</strong></span> <span class='ocrx_word' id='word_1_212' title='bbox 1404 3094 1560 3159; x_wconf 88' lang='lat' dir='ltr'><strong>honorem</strong></span> 
     </span>
     <span class='ocr_line' id='line_1_23' title="bbox 226 3199 1613 3288; baseline 0.003 -24"><span class='ocrx_word' id='word_1_213' title='bbox 226 3199 296 3265; x_wconf 89' lang='lat' dir='ltr'><strong>eius</strong></span> <span class='ocrx_word' id='word_1_214' title='bbox 323 3199 387 3265; x_wconf 92' lang='lat' dir='ltr'><strong>tibi</strong></span> <span class='ocrx_word' id='word_1_215' title='bbox 413 3200 538 3265; x_wconf 88' lang='lat' dir='ltr'><strong>laturus</strong></span> <span class='ocrx_word' id='word_1_216' title='bbox 566 3206 706 3286; x_wconf 89' lang='lat' dir='ltr'><strong>accepto.</strong></span> <span class='ocrx_word' id='word_1_217' title='bbox 752 3201 894 3266; x_wconf 88' lang='lat' dir='ltr'><strong>excludit</strong></span> <span class='ocrx_word' id='word_1_218' title='bbox 922 3202 1074 3266; x_wconf 91' lang='lat' dir='ltr'><strong>uolumen</strong></span> <span class='ocrx_word' id='word_1_219' title='bbox 1098 3201 1147 3286; x_wconf 76' lang='lat'><strong>[7]</strong></span> <span class='ocrx_word' id='word_1_220' title='bbox 1176 3201 1402 3288; x_wconf 86' lang='lat' dir='ltr'><strong>genethliacon</strong></span> <span class='ocrx_word' id='word_1_221' title='bbox 1430 3199 1559 3288; x_wconf 88' lang='lat' dir='ltr'><strong>Lucani,</strong></span> <span class='ocrx_word' id='word_1_222' title='bbox 1579 3219 1613 3268; x_wconf 85' lang='grc' dir='ltr'><strong>2ο</strong></span> 
     </span>
     <span class='ocr_line' id='line_1_24' title="bbox 226 3306 1559 3396; baseline 0.001 -24"><span class='ocrx_word' id='word_1_223' title='bbox 226 3307 312 3392; x_wconf 90' lang='lat' dir='ltr'><strong>quod</strong></span> <span class='ocrx_word' id='word_1_224' title='bbox 334 3307 427 3373; x_wconf 91' lang='lat' dir='ltr'><strong>Polla</strong></span> <span class='ocrx_word' id='word_1_225' title='bbox 449 3306 658 3396; x_wconf 78' lang='lat' dir='ltr'><strong>Argentaria,</strong></span> <span class='ocrx_word' id='word_1_226' title='bbox 685 3307 848 3374; x_wconf 87' lang='lat' dir='ltr'><strong>rarissima</strong></span> <span class='ocrx_word' id='word_1_227' title='bbox 875 3329 1025 3393; x_wconf 83' lang='lat' dir='ltr'><strong>uxorum,</strong></span> <span class='ocrx_word' id='word_1_228' title='bbox 1053 3330 1126 3373; x_wconf 91' lang='lat' dir='ltr'><strong>cum</strong></span> <span class='ocrx_word' id='word_1_229' title='bbox 1154 3309 1239 3374; x_wconf 93' lang='lat' dir='ltr'><strong>hunc</strong></span> <span class='ocrx_word' id='word_1_230' title='bbox 1268 3308 1351 3374; x_wconf 92' lang='lat' dir='ltr'><strong>diem</strong></span> <span class='ocrx_word' id='word_1_231' title='bbox 1379 3309 1463 3374; x_wconf 85' lang='lat' dir='ltr'><strong>forte</strong></span> <span class='ocrx_word' id='word_1_232' title='bbox 1486 3331 1559 3374; x_wconf 91' lang='lat' dir='ltr'><strong>con-</strong></span> 
     </span>
     <span class='ocr_line' id='line_1_25' title="bbox 225 3414 1559 3503; baseline 0.001 -23"><span class='ocrx_word' id='word_1_233' title='bbox 225 3415 417 3501; x_wconf 88' lang='lat' dir='ltr'><strong>suleremus,</strong></span> <span class='ocrx_word' id='word_1_234' title='bbox 439 3414 593 3500; x_wconf 88' lang='lat' dir='ltr'><strong>imputari</strong></span> <span class='ocrx_word' id='word_1_235' title='bbox 617 3414 680 3481; x_wconf 93' lang='lat' dir='ltr'><strong>tibi</strong></span> <span class='ocrx_word' id='word_1_236' title='bbox 703 3415 817 3481; x_wconf 90' lang='lat' dir='ltr'><strong>uoluit.</strong></span> <span class='ocrx_word' id='word_1_237' title='bbox 851 3436 912 3503; x_wconf 89' lang='lat' dir='ltr'><strong>ego</strong></span> <span class='ocrx_word' id='word_1_238' title='bbox 935 3438 1001 3481; x_wconf 93' lang='lat' dir='ltr'><strong>non</strong></span> <span class='ocrx_word' id='word_1_239' title='bbox 1023 3415 1115 3501; x_wconf 92' lang='lat' dir='ltr'><strong>potui</strong></span> <span class='ocrx_word' id='word_1_240' title='bbox 1139 3415 1292 3482; x_wconf 88' lang='lat' dir='ltr'><strong>maiorem</strong></span> <span class='ocrx_word' id='word_1_241' title='bbox 1316 3416 1398 3481; x_wconf 89' lang='lat' dir='ltr'><strong>tanti</strong></span> <span class='ocrx_word' id='word_1_242' title='bbox 1418 3416 1559 3482; x_wconf 90' lang='lat' dir='ltr'><strong>auctoris</strong></span> 
     </span>
     <span class='ocr_line' id='line_1_26' title="bbox 225 3522 1559 3609; baseline 0.003 -23"><span class='ocrx_word' id='word_1_243' title='bbox 225 3522 345 3588; x_wconf 88' lang='lat' dir='ltr'><strong>habere</strong></span> <span class='ocrx_word' id='word_1_244' title='bbox 369 3523 582 3589; x_wconf 89' lang='lat' dir='ltr'><strong>reuerentiam</strong></span> <span class='ocrx_word' id='word_1_245' title='bbox 606 3545 702 3608; x_wconf 88' lang='lat' dir='ltr'><strong>quam</strong></span> <span class='ocrx_word' id='word_1_246' title='bbox 726 3524 813 3609; x_wconf 91' lang='lat' dir='ltr'><strong>quod</strong></span> <span class='ocrx_word' id='word_1_247' title='bbox 839 3523 949 3589; x_wconf 86' lang='lat' dir='ltr'><strong>laudes</strong></span> <span class='ocrx_word' id='word_1_248' title='bbox 977 3522 1046 3588; x_wconf 89' lang='lat' dir='ltr'><strong>eius</strong></span> <span class='ocrx_word' id='word_1_249' title='bbox 1069 3523 1213 3590; x_wconf 87' lang='lat' dir='ltr'><strong>dicturus</strong></span> <span class='ocrx_word' id='word_1_250' title='bbox 1240 3523 1444 3590; x_wconf 83' lang='lat' dir='ltr'><strong>hexametros</strong></span> <span class='ocrx_word' id='word_1_251' title='bbox 1470 3547 1559 3590; x_wconf 89' lang='lat' dir='ltr'><strong>meos</strong></span> 
     </span>
     <span class='ocr_line' id='line_1_27' title="bbox 225 3629 1557 3719; baseline 0.003 -24"><span class='ocrx_word' id='word_1_252' title='bbox 225 3629 342 3695; x_wconf 57' lang='lat' dir='ltr'><strong>timuis</strong></span> <span class='ocrx_word' id='word_1_253' title='bbox 374 3631 453 3696; x_wconf 90' lang='lat' dir='ltr'><strong>haec</strong></span> <span class='ocrx_word' id='word_1_254' title='bbox 481 3631 726 3716; x_wconf 87' lang='lat' dir='ltr'><strong>qualiacumque</strong></span> <span class='ocrx_word' id='word_1_255' title='bbox 754 3635 843 3714; x_wconf 92' lang='lat' dir='ltr'><strong>sunt,</strong></span> <span class='ocrx_word' id='word_1_256' title='bbox 872 3630 988 3697; x_wconf 89' lang='lat' dir='ltr'><strong>Melior</strong></span> <span class='ocrx_word' id='word_1_257' title='bbox 1014 3631 1191 3718; x_wconf 84' lang='lat' dir='ltr'><strong>carissime,</strong></span> <span class='ocrx_word' id='word_1_258' title='bbox 1219 3631 1246 3697; x_wconf 91' lang='lat' dir='ltr'><strong>si</strong></span> <span class='ocrx_word' id='word_1_259' title='bbox 1274 3633 1336 3698; x_wconf 91' lang='lat' dir='ltr'><strong>tibi</strong></span> <span class='ocrx_word' id='word_1_260' title='bbox 1361 3655 1427 3699; x_wconf 93' lang='lat' dir='ltr'><strong>non</strong></span> <span class='ocrx_word' id='word_1_261' title='bbox 1451 3633 1557 3719; x_wconf 90' lang='lat' dir='ltr'><strong>displi-</strong></span> 
     </span>
     <span class='ocr_line' id='line_1_28' title="bbox 225 3737 1609 3826; baseline 0 -24"><span class='ocrx_word' id='word_1_262' title='bbox 225 3737 358 3824; x_wconf 88' lang='lat' dir='ltr'><strong>cuerint,</strong></span> <span class='ocrx_word' id='word_1_263' title='bbox 381 3761 401 3803; x_wconf 90' lang='lat' dir='ltr'><strong>a</strong></span> <span class='ocrx_word' id='word_1_264' title='bbox 423 3743 456 3804; x_wconf 89' lang='lat' dir='ltr'><strong>te</strong></span> <span class='ocrx_word' id='word_1_265' title='bbox 478 3739 647 3826; x_wconf 90' lang='lat' dir='ltr'><strong>publicum</strong></span> <span class='ocrx_word' id='word_1_266' title='bbox 670 3739 837 3826; x_wconf 85' lang='lat' dir='ltr'><strong>accipiant,</strong></span> <span class='ocrx_word' id='word_1_267' title='bbox 860 3738 888 3804; x_wconf 92' lang='lat' dir='ltr'><strong>si</strong></span> <span class='ocrx_word' id='word_1_268' title='bbox 911 3738 1026 3826; x_wconf 90' lang='lat' dir='ltr'><strong>minus,</strong></span> <span class='ocrx_word' id='word_1_269' title='bbox 1050 3739 1090 3803; x_wconf 90' lang='lat' dir='ltr'><strong>ad</strong></span> <span class='ocrx_word' id='word_1_270' title='bbox 1113 3761 1164 3804; x_wconf 93' lang='lat' dir='ltr'><strong>me</strong></span> <span class='ocrx_word' id='word_1_271' title='bbox 1187 3745 1400 3806; x_wconf 83' lang='lat' dir='ltr'><strong>reuertentur.</strong></span> <span class='ocrx_word' id='word_1_272' title='bbox 1575 3753 1609 3802; x_wconf 79' lang='lat'><strong>25</strong></span> 
     </span>
    </p>

    <p class='ocr_par' dir='ltr' id='par_1_5' title="bbox 222 3933 1556 4628">
     <span class='ocr_line' id='line_1_29' title="bbox 314 3933 1556 4005; baseline 0.004 -17"><span class='ocrx_word' id='word_1_273' title='bbox 314 3939 328 3988; x_wconf 91' lang='lat'>1</span> <span class='ocrx_word' id='word_1_274' title='bbox 349 3935 604 4005; x_wconf 78' lang='lat' dir='ltr'><strong>Praescriptioucm,</strong></span> <span class='ocrx_word' id='word_1_275' title='bbox 622 3951 691 4005; x_wconf 81' lang='lat' dir='ltr'><strong>quae</strong></span> <span class='ocrx_word' id='word_1_276' title='bbox 709 3935 780 3989; x_wconf 80' lang='lat' dir='ltr'><strong>deest</strong></span> <span class='ocrx_word' id='word_1_277' title='bbox 798 3935 830 3988; x_wconf 81' lang='lat' dir='ltr'><strong>ia</strong></span> <span class='ocrx_word' id='word_1_278' title='bbox 847 3951 878 4002; x_wconf 77' lang='lat' dir='ltr'><strong>a,</strong></span> <span class='ocrx_word' id='word_1_279' title='bbox 897 3951 930 3989; x_wconf 80' lang='lat' dir='ltr'><strong>ec</strong></span> <span class='ocrx_word' id='word_1_280' title='bbox 948 3933 1038 3990; x_wconf 82' lang='lat' dir='ltr'><strong>codice</strong></span> <span class='ocrx_word' id='word_1_281' title='bbox 1048 3933 1148 4005; x_wconf 75' lang='lat' dir='ltr'><strong>Popqii</strong></span> <span class='ocrx_word' id='word_1_282' title='bbox 1161 3937 1257 3990; x_wconf 77' lang='lat' dir='ltr'><strong>testari</strong></span> <span class='ocrx_word' id='word_1_283' title='bbox 1270 3936 1383 3991; x_wconf 78' lang='lat' dir='ltr'><strong>uidetur</strong></span> <span class='ocrx_word' id='word_1_284' title='bbox 1397 3935 1556 3993; x_wconf 80' lang='lat' dir='ltr'><strong>Politiaaus</strong></span> 
     </span>
     <span class='ocr_line' id='line_1_30' title="bbox 224 4022 1554 4095; baseline 0.005 -19"><span class='ocrx_word' id='word_1_285' title='bbox 224 4028 285 4076; x_wconf 85' lang='grc'><strong>-3</strong></span> <span class='ocrx_word' id='word_1_286' title='bbox 299 4023 336 4078; x_wconf 86' lang='lat' dir='ltr'><strong>ad</strong></span> <span class='ocrx_word' id='word_1_287' title='bbox 349 4025 379 4080; x_wconf 86' lang='lat' dir='ltr'><strong>ta</strong></span> <span class='ocrx_word' id='word_1_288' title='bbox 394 4024 512 4080; x_wconf 83' lang='lat' dir='ltr'><strong>Vollmer</strong></span> <span class='ocrx_word' id='word_1_289' title='bbox 539 4023 616 4078; x_wconf 88' lang='lat' dir='ltr'><strong>altae</strong></span> <span class='ocrx_word' id='word_1_290' title='bbox 634 4027 687 4076; x_wconf 72' lang='lat'><strong>11²</strong></span> <span class='ocrx_word' id='word_1_291' title='bbox 719 4022 776 4078; x_wconf 89' lang='lat' dir='ltr'><strong>alte</strong></span> <span class='ocrx_word' id='word_1_292' title='bbox 791 4023 825 4076; x_wconf 69' lang='lat'><strong>3¹</strong></span> <span class='ocrx_word' id='word_1_293' title='bbox 858 4023 930 4078; x_wconf 88' lang='lat' dir='ltr'><strong>alter</strong></span> <span class='ocrx_word' id='word_1_294' title='bbox 949 4023 1078 4076; x_wconf 64' lang='lat' dir='ltr'><strong>evasa</strong></span> <span class='ocrx_word' id='word_1_295' title='bbox 1092 4055 1127 4065; x_wconf 89' lang='lat'><em>-</em></span> <span class='ocrx_word' id='word_1_296' title='bbox 1140 4030 1158 4078; x_wconf 83' lang='lat'>4</span> <span class='ocrx_word' id='word_1_297' title='bbox 1172 4025 1312 4095; x_wconf 85' lang='lat' dir='ltr'><strong>expectet;</strong></span> <span class='ocrx_word' id='word_1_298' title='bbox 1332 4041 1401 4081; x_wconf 82' lang='lat' dir='ltr'><strong>cerr.</strong></span> <span class='ocrx_word' id='word_1_299' title='bbox 1416 4025 1554 4082; x_wconf 75' lang='lat' dir='ltr'><strong>Baehren-</strong></span> 
     </span>
     <span class='ocr_line' id='line_1_31' title="bbox 222 4111 1555 4184; baseline 0.003 -17"><span class='ocrx_word' id='word_1_300' title='bbox 222 4115 290 4182; x_wconf 78' lang='lat' dir='ltr'><strong>as&#39;ue,</strong></span> <span class='ocrx_word' id='word_1_301' title='bbox 308 4115 357 4184; x_wconf 78' lang='lat' dir='ltr'><strong>qui</strong></span> <span class='ocrx_word' id='word_1_302' title='bbox 374 4115 485 4184; x_wconf 60' lang='lat' dir='ltr'><strong>serbpsit</strong></span> <span class='ocrx_word' id='word_1_303' title='bbox 502 4113 575 4169; x_wconf 87' lang='lat' dir='ltr'><strong>alter</strong></span> <span class='ocrx_word' id='word_1_304' title='bbox 594 4157 600 4168; x_wconf 91' lang='lat'><strong><em>.</em></strong></span> <span class='ocrx_word' id='word_1_305' title='bbox 617 4157 644 4168; x_wconf 90' lang='lat'><strong>..</strong></span> <span class='ocrx_word' id='word_1_306' title='bbox 665 4111 787 4184; x_wconf 87' lang='lat' dir='ltr'><strong>epistola</strong></span> <span class='ocrx_word' id='word_1_307' title='bbox 806 4112 842 4167; x_wconf 91' lang='lat' dir='ltr'><strong>ad</strong></span> <span class='ocrx_word' id='word_1_308' title='bbox 861 4114 889 4167; x_wconf 88' lang='lat' dir='ltr'><strong>te</strong></span> <span class='ocrx_word' id='word_1_309' title='bbox 909 4115 1018 4184; x_wconf 83' lang='lat' dir='ltr'><strong>spectet</strong></span> <span class='ocrx_word' id='word_1_310' title='bbox 1034 4145 1067 4154; x_wconf 91' lang='lat'><em>-</em></span> <span class='ocrx_word' id='word_1_311' title='bbox 1087 4119 1174 4183; x_wconf 74' lang='lat' dir='ltr'><strong>tsqq.</strong></span> <span class='ocrx_word' id='word_1_312' title='bbox 1193 4113 1385 4184; x_wconf 83' lang='lat' dir='ltr'><strong>gratissimam</strong></span> <span class='ocrx_word' id='word_1_313' title='bbox 1403 4114 1555 4171; x_wconf 84' lang='lat' dir='ltr'><strong>infantiam</strong></span> 
     </span>
     <span class='ocr_line' id='line_1_32' title="bbox 304 4201 1556 4276; baseline 0.005 -17.64"><span class='ocrx_word' id='word_1_314' title='bbox 304 4201 466 4274; x_wconf 86' lang='lat' dir='ltr'><strong>sortiuntur,</strong></span> <span class='ocrx_word' id='word_1_315' title='bbox 572 4203 712 4258; x_wconf 87' lang='lat' dir='ltr'><strong>amabam.</strong></span> <span class='ocrx_word' id='word_1_316' title='bbox 755 4202 813 4258; x_wconf 86' lang='lat' dir='ltr'><strong>iam</strong></span> <span class='ocrx_word' id='word_1_317' title='bbox 840 4219 906 4258; x_wconf 89' lang='lat' dir='ltr'><strong>nero</strong></span> <span class='ocrx_word' id='word_1_318' title='bbox 934 4201 987 4256; x_wconf 89' lang='lat' dir='ltr'><strong>tibi</strong></span> <span class='ocrx_word' id='word_1_319' title='bbox 1015 4203 1098 4258; x_wconf 89' lang='lat' dir='ltr'><strong>huius</strong></span> <span class='ocrx_word' id='word_1_320' title='bbox 1207 4222 1232 4274; x_wconf 86' lang='lat' dir='ltr'><strong>s,</strong></span> <span class='ocrx_word' id='word_1_321' title='bbox 1266 4211 1297 4260; x_wconf 81' lang='lat' dir='ltr'><strong>at</strong></span> <span class='ocrx_word' id='word_1_322' title='bbox 1323 4223 1411 4276; x_wconf 82' lang='lat' dir='ltr'><strong>supro</strong></span> <span class='ocrx_word' id='word_1_323' title='bbox 1436 4209 1556 4263; x_wconf 66' lang='lat' dir='ltr'><strong>derivas·</strong></span> 
     </span>
     <span class='ocr_line' id='line_1_33' title="bbox 232 4291 1553 4366; baseline 0.005 -21"><span class='ocrx_word' id='word_1_324' title='bbox 232 4291 355 4361; x_wconf 81' lang='lat' dir='ltr'><strong>Vollmer,</strong></span> <span class='ocrx_word' id='word_1_325' title='bbox 369 4300 505 4363; x_wconf 73' lang='lat' dir='ltr'><strong>punctum</strong></span> <span class='ocrx_word' id='word_1_326' title='bbox 522 4301 583 4364; x_wconf 80' lang='lat' dir='ltr'><strong>poet</strong></span> <span class='ocrx_word' id='word_1_327' title='bbox 601 4292 655 4347; x_wconf 90' lang='lat' dir='ltr'><strong>tibi</strong></span> <span class='ocrx_word' id='word_1_328' title='bbox 673 4295 845 4350; x_wconf 70' lang='lat' dir='ltr'><strong>carnilatria</strong></span> <span class='ocrx_word' id='word_1_329' title='bbox 862 4297 890 4346; x_wconf 77' lang='grc' dir='ltr'>Ι</span> <span class='ocrx_word' id='word_1_330' title='bbox 907 4324 942 4333; x_wconf 92' lang='grc'><strong>-</strong></span> <span class='ocrx_word' id='word_1_331' title='bbox 962 4299 995 4347; x_wconf 86' lang='grc'><strong>12</strong></span> <span class='ocrx_word' id='word_1_332' title='bbox 1013 4293 1131 4361; x_wconf 89' lang='lat' dir='ltr'><strong>honora;</strong></span> <span class='ocrx_word' id='word_1_333' title='bbox 1151 4303 1253 4350; x_wconf 55' lang='grc' dir='ltr'><strong>σοφῆς</strong></span> <span class='ocrx_word' id='word_1_334' title='bbox 1283 4327 1316 4336; x_wconf 96' lang='grc'>-</span> <span class='ocrx_word' id='word_1_335' title='bbox 1346 4301 1379 4350; x_wconf 83' lang='grc'><strong>16</strong></span> <span class='ocrx_word' id='word_1_336' title='bbox 1398 4296 1429 4350; x_wconf 89' lang='lat' dir='ltr'><strong>ai</strong></span> <span class='ocrx_word' id='word_1_337' title='bbox 1448 4297 1553 4366; x_wconf 86' lang='lat' dir='ltr'><strong>statim,</strong></span> 
     </span>
     <span class='ocr_line' id='line_1_34' title="bbox 222 4381 1554 4455; baseline 0.004 -20"><span class='ocrx_word' id='word_1_338' title='bbox 222 4381 342 4437; x_wconf 67' lang='lat' dir='ltr'><strong>madere.</strong></span> <span class='ocrx_word' id='word_1_339' title='bbox 357 4383 493 4438; x_wconf 72' lang='lat' dir='ltr'><strong>Bantius</strong></span> <span class='ocrx_word' id='word_1_340' title='bbox 511 4415 547 4424; x_wconf 96' lang='lat'>-</span> <span class='ocrx_word' id='word_1_341' title='bbox 566 4388 601 4437; x_wconf 90' lang='grc'><strong>20</strong></span> <span class='ocrx_word' id='word_1_342' title='bbox 614 4385 665 4438; x_wconf 89' lang='lat' dir='ltr'><strong>est.</strong></span> <span class='ocrx_word' id='word_1_343' title='bbox 684 4381 775 4438; x_wconf 91' lang='lat' dir='ltr'><strong>cludit</strong></span> <span class='ocrx_word' id='word_1_344' title='bbox 788 4383 955 4454; x_wconf 75' lang='lat' dir='ltr'><strong>Maduiqiaa</strong></span> <span class='ocrx_word' id='word_1_345' title='bbox 973 4414 1008 4423; x_wconf 92' lang='lat'><em>-</em></span> <span class='ocrx_word' id='word_1_346' title='bbox 1027 4389 1059 4436; x_wconf 88' lang='grc'><strong>21</strong></span> <span class='ocrx_word' id='word_1_347' title='bbox 1076 4383 1282 4438; x_wconf 86' lang='lat' dir='ltr'><strong>consuleremus</strong></span> <span class='ocrx_word' id='word_1_348' title='bbox 1297 4387 1389 4454; x_wconf 81' lang='lat' dir='ltr'><strong>(etiam</strong></span> <span class='ocrx_word' id='word_1_349' title='bbox 1403 4388 1470 4455; x_wconf 73' lang='grc' dir='ltr'><strong>Δ*);</strong></span> <span class='ocrx_word' id='word_1_350' title='bbox 1489 4403 1554 4441; x_wconf 89' lang='lat' dir='ltr'><strong>cou-</strong></span> 
     </span>
     <span class='ocr_line' id='line_1_35' title="bbox 222 4470 1552 4541; baseline 0.005 -15"><span class='ocrx_word' id='word_1_351' title='bbox 222 4470 413 4526; x_wconf 65' lang='lat' dir='ltr'><strong>sideramus·</strong></span> <span class='ocrx_word' id='word_1_352' title='bbox 445 4472 725 4541; x_wconf 76' lang='lat' dir='ltr'><strong>consyderaremusc</strong></span> <span class='ocrx_word' id='word_1_353' title='bbox 757 4487 981 4528; x_wconf 83' lang='lat' dir='ltr'><strong>consecraremus</strong></span> <span class='ocrx_word' id='word_1_354' title='bbox 1000 4473 1143 4528; x_wconf 78' lang='lat' dir='ltr'><strong>Auentina</strong></span> <span class='ocrx_word' id='word_1_355' title='bbox 1174 4473 1328 4528; x_wconf 87' lang='lat' dir='ltr'><strong>coleremus</strong></span> <span class='ocrx_word' id='word_1_356' title='bbox 1347 4475 1505 4532; x_wconf 58' lang='lat' dir='ltr'><strong>&amp;auctius</strong></span> <span class='ocrx_word' id='word_1_357' title='bbox 1520 4507 1552 4517; x_wconf 96' lang='lat'>-</span> 
     </span>
     <span class='ocr_line' id='line_1_36' title="bbox 222 4559 727 4628; baseline 0.006 -12"><span class='ocrx_word' id='word_1_358' title='bbox 222 4565 257 4616; x_wconf 91' lang='grc'><strong>22</strong></span> <span class='ocrx_word' id='word_1_359' title='bbox 276 4559 332 4614; x_wconf 89' lang='lat' dir='ltr'><strong>sibi</strong></span> <span class='ocrx_word' id='word_1_360' title='bbox 350 4559 454 4628; x_wconf 66' lang='lat' dir='ltr'><strong>uoluit,</strong></span> <span class='ocrx_word' id='word_1_361' title='bbox 472 4579 541 4618; x_wconf 82' lang='lat' dir='ltr'><strong>corr.</strong></span> <span class='ocrx_word' id='word_1_362' title='bbox 557 4561 675 4618; x_wconf 83' lang='lat' dir='ltr'><strong>Vollmer</strong></span> <span class='ocrx_word' id='word_1_363' title='bbox 692 4593 727 4603; x_wconf 92' lang='lat'><em>-</em></span> 
     </span>
    </p>
   </div>
   <div class='ocr_carea' id='block_1_5' title="bbox 222 4673 424 4681">
    <p class='ocr_par' dir='ltr' id='par_1_6' title="bbox 222 4673 424 4681">
     <span class='ocr_line' id='line_1_37' title="bbox 222 4673 424 4681; baseline -0.005 0"><span class='ocrx_word' id='word_1_364' title='bbox 222 4673 390 4681; x_wconf 69' lang='lat'>-—---..—--</span> <span class='ocrx_word' id='word_1_365' title='bbox 405 4675 424 4680; x_wconf 84' lang='lat'><strong>--</strong></span> 
     </span>
    </p>
   </div>
   <div class='ocr_carea' id='block_1_6' title="bbox 313 4740 1239 4812">
    <p class='ocr_par' dir='ltr' id='par_1_7' title="bbox 313 4740 1239 4812">
     <span class='ocr_line' id='line_1_38' title="bbox 313 4740 1239 4812; baseline 0.006 -20"><span class='ocrx_word' id='word_1_366' title='bbox 313 4747 328 4792; x_wconf 84' lang='lat'><strong>2</strong></span> <span class='ocrx_word' id='word_1_367' title='bbox 347 4740 413 4796; x_wconf 88' lang='lat' dir='ltr'><strong>Hor.</strong></span> <span class='ocrx_word' id='word_1_368' title='bbox 434 4741 491 4796; x_wconf 87' lang='lat' dir='ltr'><strong>Sat.</strong></span> <span class='ocrx_word' id='word_1_369' title='bbox 511 4741 536 4796; x_wconf 93' lang='lat' dir='ltr'><strong>ll</strong></span> <span class='ocrx_word' id='word_1_370' title='bbox 552 4747 574 4798; x_wconf 89' lang='grc'><strong>1.</strong></span> <span class='ocrx_word' id='word_1_371' title='bbox 586 4747 621 4796; x_wconf 83' lang='grc'><strong>60</strong></span> <span class='ocrx_word' id='word_1_372' title='bbox 639 4741 766 4811; x_wconf 85' lang='lat' dir='ltr'><strong>quisquis</strong></span> <span class='ocrx_word' id='word_1_373' title='bbox 786 4741 839 4796; x_wconf 90' lang='lat' dir='ltr'><strong>erit</strong></span> <span class='ocrx_word' id='word_1_374' title='bbox 857 4741 943 4810; x_wconf 87' lang='lat' dir='ltr'><strong>uitae,</strong></span> <span class='ocrx_word' id='word_1_375' title='bbox 963 4741 1092 4812; x_wconf 83' lang='lat' dir='ltr'><strong>scribam,</strong></span> <span class='ocrx_word' id='word_1_376' title='bbox 1112 4743 1189 4800; x_wconf 87' lang='lat' dir='ltr'><strong>color</strong></span> <span class='ocrx_word' id='word_1_377' title='bbox 1208 4778 1239 4787; x_wconf 95' lang='lat'><em>-</em></span> 
     </span>
    </p>
   </div>
   <div class='ocr_carea' id='block_1_7' title="bbox 0 0 1912 5552">
    <p class='ocr_par' dir='ltr' id='par_1_8' title="bbox 0 0 1912 5552">
     <span class='ocr_line' id='line_1_39' title="bbox 0 0 1912 5552; baseline 0 7"><span class='ocrx_word' id='word_1_378' title='bbox 0 0 1912 5552; x_wconf 95' lang='lat' dir='ltr'><strong> </strong></span> 
     </span>
    </p>
   </div>
  </div>
 </body>
</html>
