3814 5552
753 453 971 508 anvaavul
994 461 1010 506 4

433 615 595 704 frangitur
617 620 650 682 ct
672 621 799 682 nostras
823 621 913 682 curat
937 615 1085 682 facundia
1108 615 1205 702 leges.

434 746 531 809 quare
555 747 629 811 age,
652 724 679 788 si
704 723 811 790 Cereri
834 746 892 789 sua
915 725 998 790 dona
1021 744 1208 807 merumque
1232 722 1339 806 Lyaeo

432 831 595 897 reddimus
618 835 651 898 et
674 831 764 897 diues
787 832 924 917 praedae
948 835 1057 896 tamen
1080 831 1198 915 accipit
1221 830 1308 896 omni

433 939 566 1004 exuuias
588 938 693 1005 Diana
716 939 807 1005 tholo
832 939 1024 1024 captiuaque
1049 938 1113 1003 tela

433 1045 648 1131 Bellipotens:
671 1068 730 1111 nec
753 1052 803 1132 tu,
828 1046 955 1132 quando
979 1046 1056 1132 tibi,
1079 1045 1214 1128 Gallice,
1237 1045 1340 1110 maius

435 1154 599 1239 eloquium
623 1153 775 1239 fandique
799 1153 918 1239 opibus
941 1152 1091 1219 sublimis
1114 1152 1268 1236 abundas,

433 1283 549 1345 sperne
573 1259 635 1326 coli
658 1259 805 1326 tenuiore
823 1260 901 1345 lyra.
939 1282 1023 1347 naga
1046 1259 1188 1346 cingitur
1210 1258 1307 1323 astris

432 1369 510 1434 luna
533 1371 566 1432 et
589 1367 624 1432 in
646 1389 801 1434 oceanum
823 1367 886 1433 riui
910 1368 1051 1457 cecidere
1074 1367 1223 1432 minores.

523 1497 605 1561 quae
628 1475 690 1540 tibi
714 1475 872 1541 sollicitus
895 1474 1055 1560 persoluit
1078 1473 1221 1558 praemia
1245 1495 1369 1538 morum

434 1583 534 1650 Vrbis
556 1584 659 1649 amori
696 1605 777 1668 quae
801 1586 871 1648 tum
894 1587 1088 1667 patrumque
1112 1581 1323 1666 equitumque
1347 1581 1458 1645 notaui

432 1691 555 1757 lumina
577 1695 611 1756 et
633 1690 764 1778 ignarae
788 1690 895 1775 plebis
918 1690 1029 1777 lugere
1052 1691 1216 1774 potentes!

433 1821 498 1865 non
521 1797 650 1863 labente
673 1796 781 1865 Numa
805 1797 914 1863 timuit
937 1797 982 1862 sic
1006 1795 1103 1864 Curia
1125 1797 1204 1862 felix

437 1906 590 1991 Pompeio
613 1928 673 1971 nec
691 1906 795 1972 celsus
819 1927 917 1991 eques
940 1926 998 1970 nec
1022 1904 1141 1970 femina
1163 1903 1274 1970 Bruto.

434 2012 496 2078 hoc
519 2012 614 2078 illud:
638 2013 742 2078 tristis
766 2012 905 2078 inuitum
928 2012 1038 2077 audire
1061 2015 1200 2099 catenas,

435 2141 565 2204 parcere
588 2119 780 2185 uerberibus
803 2141 862 2184 nec
886 2140 949 2204 qua
971 2117 1063 2184 iubet
1086 2117 1152 2184 alta
1175 2123 1320 2203 potestas

434 2227 494 2314 ire,
517 2227 573 2292 sed
596 2231 736 2292 armatas
758 2227 897 2292 multum
920 2225 984 2290 sibi
1008 2225 1134 2292 demere
1158 2225 1244 2291 uires

435 2334 625 2421 dignarique
649 2356 763 2399 manus
786 2333 918 2399 humilis
941 2337 974 2398 et
997 2332 1098 2399 uerba
1120 2339 1318 2418 precantum,

436 2440 567 2508 reddere
590 2442 660 2507 iura
682 2443 753 2507 foro
775 2463 834 2506 nec
857 2440 1050 2527 proturbare
1074 2441 1200 2506 curules

435 2555 469 2614 et
491 2551 612 2614 ferrum
635 2549 774 2614 mulcere
798 2553 884 2636 toga.
921 2548 967 2614 sic
990 2548 1056 2614 itur
1079 2549 1112 2614 in
1135 2548 1201 2613 alta

436 2659 575 2741 pectora,
599 2655 645 2721 sic
668 2656 771 2721 mixto
795 2655 976 2720 reuerentia
998 2655 1070 2719 fidit
1092 2655 1202 2721 amori.
1226 2693 1270 2702 -

436 2764 507 2849 ipsa
530 2763 627 2830 etiam
651 2767 784 2828 cunctos
807 2762 917 2850 greum
940 2762 1146 2828 inclementia
1167 2763 1227 2828 fati

434 2870 552 2936 terruit
574 2875 607 2936 et
630 2870 733 2936 subiti
755 2892 912 2955 praeceps
934 2869 1076 2935 iuuenile
1099 2870 1213 2956 pericli

434 2978 482 3043 nil
504 2982 676 3043 cunctante
699 2977 794 3043 malo.
830 2998 896 3042 non
919 2977 1000 3042 illud
1023 2977 1119 3062 culpa
1142 2983 1298 3066 senectae,

438 3085 561 3171 quippe
585 3107 622 3150 ea
646 3085 698 3150 bis
722 3085 808 3151 senis
831 3085 963 3150 uixdum
987 3107 1060 3150 orsa
1083 3085 1235 3151 excedere
1258 3085 1382 3172 lustris;

435 3193 491 3258 sed
513 3193 607 3258 labor
630 3193 799 3258 intendens
822 3192 984 3277 animique
1008 3191 1041 3256 in
1060 3192 1206 3258 membra
1229 3193 1370 3280 uigentis

435 3300 608 3385 imperium
631 3299 812 3386 uigilesque
836 3321 893 3364 suo
918 3321 977 3384 pro
1002 3298 1135 3364 Caesare
1158 3321 1262 3388 curae,

436 3407 527 3474 dulce
551 3429 634 3492 opus
648 3445 690 3454 —
705 3406 780 3472 hine
800 3407 901 3472 fessos
920 3406 1051 3491 penitus
1070 3407 1235 3494 subrepsit
1253 3409 1287 3473 in
1306 3413 1395 3473 artua

435 3515 589 3581 insidiosa
612 3515 703 3599 quies
727 3519 760 3579 et
782 3514 877 3600 pigra
900 3513 1023 3580 obliuio
1047 3513 1142 3581 uitae.

312 3698 347 3747 34
369 3708 541 3760 quamquam
563 3690 618 3746 tibi
641 3691 783 3746 Bennios
808 3723 841 3731 —
870 3695 905 3745 40
928 3692 1057 3760 potentes
1080 3693 1162 3747 stiam
1180 3692 1217 3745 A·
1245 3723 1278 3732 —
1306 3699 1341 3748 49
1366 3691 1435 3746 sidit
1460 3708 1554 3746 amore

223 3781 364 3837 Bodleian
382 3813 417 3822 —-
436 3787 470 3834 55
489 3779 641 3852 uigiliaque
661 3799 682 3837 s.
697 3799 724 3850 p.
740 3779 767 3835 C.
784 3797 866 3834 curae
886 3779 967 3835 dulce
987 3796 1058 3852 opus
1078 3779 1237 3837 Grmscuius
1255 3813 1288 3822 —

312 3948 344 3996 31
360 3959 419 4012 sqq.
443 3945 479 4012 cf.
498 3941 559 3997 Tib.
583 3959 648 4013 pan.
676 3941 704 3995 in
727 3941 1019 4011 Meas.1117.7sqq.
1049 3973 1081 3982 -
1110 3948 1144 3996 33
1163 3940 1246 4012 Verg.
1267 3943 1299 3998 Α.
1313 3941 1353 3997 IX
1366 3948 1418 3998 407
1447 3943 1471 3996 si
1499 3961 1554 4014 quo

223 4031 320 4099 (dona)
348 4031 407 4100 ipse
435 4030 505 4087 meis
531 4030 681 4085 uenatibus
709 4030 776 4085 auxi
804 4029 972 4102 suspendiue
1000 4029 1079 4085 tholo
1106 4033 1141 4099 cs.
1161 4029 1247 4086 Theb.
1267 4031 1305 4086 1v
1319 4037 1371 4086 333
1400 4033 1496 4087 11734
1521 4065 1554 4074 -

223 4125 258 4173 36
276 4120 389 4191 Sappho
409 4121 441 4176 fr.
462 4127 477 4175 3
507 4121 620 4190 decepte
645 4119 696 4190 μὲν
724 4119 797 4190 ἀμφὶ
820 4119 910 4174 κοίλαν
938 4119 1076 4176 calciacus
1105 4117 1170 4189 αἶψ’
1196 4121 1557 4193 ἀποκρύπτοισιφάεννον

223 4205 298 4273 εἶδος
325 4209 435 4265 druove
462 4209 605 4277 πλήθοισα
632 4208 750 4280 μάλιστα
778 4207 872 4279 λάμπῃ
904 4209 969 4264 Hor.
986 4225 1008 4263 e.
1024 4209 1093 4264 112.
1112 4215 1146 4263 47
1175 4211 1254 4266 uelut
1281 4211 1355 4266 inter
1380 4211 1460 4282 ignes
1488 4211 1556 4266 luna

223 4297 343 4353 minores
370 4300 406 4369 cs.
425 4301 463 4356 ad
481 4299 507 4353 Π
526 4306 550 4354 6.
566 4304 648 4354 33-
669 4297 737 4354 Silu.
756 4299 794 4352 lli
813 4305 838 4354 3.
853 4304 888 4354 54
907 4317 982 4368 uaga
997 4297 1122 4354 ...luna
1141 4330 1175 4340 -
1192 4306 1226 4354 41
1243 4299 1453 4356 8111117416
1473 4301 1556 4357 Curia

222 4386 290 4442 felix
309 4420 344 4428 -
362 4395 397 4442 42
416 4387 519 4444 anan.
542 4388 590 4442 VII
605 4394 638 4441 37
663 4391 691 4444 te
710 4387 799 4444 mixto
822 4387 916 4444 flesset
934 4387 1013 4444 luctu
1034 4387 1200 4458 iuuenisque
1220 4407 1359 4460 senexque
1378 4390 1556 4460 iniustusque

222 4493 300 4546 puer,
319 4479 472 4533 lacerasset
490 4477 566 4532 crine
584 4479 676 4532 soluto
695 4480 809 4550 pectora
828 4477 979 4534 femineum
998 4493 1049 4533 ceu
1063 4478 1144 4532 Bruti
1161 4477 1257 4534 funere
1272 4479 1372 4552 uolgus
1392 4511 1426 4522 -
1444 4485 1479 4534 43
1493 4481 1555 4535 Ter.

223 4567 309 4621 Andr.
329 4573 380 4622 135
404 4568 456 4623 hoc
479 4567 552 4622 illud
575 4571 618 4622 eat
650 4569 686 4636 cs.
705 4568 827 4624 Staseas
846 4569 883 4624 cd
900 4569 926 4623 t.
947 4570 964 4624 i.
994 4567 1077 4639 Verg.
1097 4569 1164 4624 Aen.
1184 4568 1222 4623 lv
1241 4575 1293 4624 673
1316 4569 1370 4624 hoc
1391 4569 1471 4638 illud,
1495 4585 1556 4639 ger·

223 4671 316 4726 mana,
335 4655 391 4710 ruit
409 4687 442 4698 -
461 4663 496 4711 47
515 4656 613 4714 ManiI.
632 4657 659 4712 ll
677 4662 729 4712 316
747 4658 863 4714 reddere
887 4657 950 4712 iura
973 4657 1032 4712 foro
1057 4689 1089 4698 -
1114 4665 1149 4712 43
1173 4657 1241 4714 Silu.
1262 4659 1286 4714 V
1306 4665 1329 4714 2.
1350 4664 1384 4713 58
1408 4657 1557 4727 imperinm

223 4745 363 4800 mulcente
382 4749 450 4816 toga
473 4779 507 4788 -
531 4745 613 4817 Verg.
634 4747 666 4802 A.
686 4746 762 4800 Villi
779 4753 829 4802 641
850 4747 890 4802 sic
913 4746 971 4800 itur
993 4747 1031 4802 ad
1050 4749 1127 4802 astra
1156 4779 1189 4788 -
1218 4753 1252 4803 36
1272 4746 1373 4802 estun.
1393 4746 1503 4802 LXXVI
1523 4755 1555 4802 ⁶21

223 4833 377 4906 subrepens
395 4835 467 4891 imos
486 4840 519 4891 ut
539 4839 635 4907 torpor
654 4835 685 4891 in
703 4839 780 4892 artus
817 4836 921 4892 lucan.
936 4836 962 4890 11
976 4841 1029 4893 390
1043 4835 1191 4906 nudosque
1210 4835 1324 4892 Catonis
1343 4836 1373 4890 in
1392 4839 1472 4892 actus
1491 4837 1556 4893 sub·

222 4925 312 4996 repsit
383 4925 522 4998 Voluptas
551 4925 615 4980 CIL
630 4925 655 4980 V
670 4930 747 4982 3737.
765 4933 797 4980 12
820 4926 913 4982 nullos
934 4925 1075 4998 subrepsit
1093 4926 1123 4981 in
1142 4929 1222 4982 actus
1237 4925 1355 4982 ambitio
1379 4957 1413 4968 -—
1437 4933 1471 4982 bi
1490 4927 1556 4984 Hor.
