3814 5552
763 457 950 515 smvaavu
968 457 981 513 I
1000 464 1016 512 3

532 646 573 690 an
597 645 679 709 quae
702 623 868 711 graminea
891 627 1042 707 suscepta
1066 622 1229 708 crepidine
1253 623 1380 688 fumant

445 731 561 798 balnea
584 736 617 797 et
640 731 829 817 impositum
852 730 934 816 ripis
957 729 1144 817 algentibus
1167 730 1276 817 ignem

445 861 571 925 quaque
594 838 787 924 uaporiferis
811 838 940 904 iunctus
962 837 1149 904 fornacibus
1171 835 1287 903 Amnis

445 947 528 1012 ridet
551 945 740 1012 anhelantes
763 945 870 1011 uicino
894 945 1026 1012 flumine
1048 944 1243 1030 Nymphas?

448 1054 515 1119 uidi
538 1058 624 1120 artes
648 1058 858 1138 netarumque
882 1075 996 1118 manus
1018 1052 1181 1138 uariisque
1205 1051 1335 1118 metalla

445 1161 522 1226 uiua
546 1160 657 1227 modis.
693 1161 788 1226 labor
810 1165 860 1226 est
883 1161 952 1226 auri
977 1183 1153 1226 memorare
1177 1161 1298 1247 figures

447 1273 503 1335 aut
526 1269 607 1335 ebur
630 1273 687 1334 aut
710 1269 824 1356 dignes
848 1269 960 1356 digitis
983 1268 1171 1355 contingere
1195 1290 1339 1355 gemmas

447 1377 600 1462 quicquid
624 1380 658 1442 et
680 1381 815 1463 argento
839 1377 981 1462 primum
1005 1376 1058 1442 uel
1082 1376 1115 1442 in
1139 1398 1212 1442 aere
1236 1375 1352 1440 minori

445 1483 524 1550 lusit
547 1487 580 1549 et
603 1506 750 1551 enormes
773 1507 887 1550 manus
910 1489 960 1550 est
983 1487 1117 1569 experta
1140 1483 1288 1549 colossos.

447 1592 524 1658 dnm
547 1613 651 1680 nagor
673 1596 807 1678 aspectu
830 1593 984 1678 nisusque
1008 1613 1067 1677 per
1090 1591 1198 1658 omnia
1220 1591 1312 1676 duco,

450 1699 613 1766 calcabam
635 1701 814 1784 necopinus
837 1722 924 1786 opes.
961 1723 1035 1765 nam
1058 1698 1212 1784 splendor
1234 1699 1276 1764 ab
1299 1697 1365 1763 alto

447 1807 571 1873 defluus
595 1812 628 1873 et
650 1807 790 1873 nitidum
813 1807 989 1874 referentes
1012 1828 1086 1874 aera
1108 1810 1211 1872 testae

446 1919 667 1981 monstrauere
690 1915 810 1999 solum,
833 1914 940 1980 uarias
963 1914 1020 1980 ubi
1045 1915 1133 1999 picta
1156 1936 1215 1999 per
1237 1917 1324 1980 artes

450 2021 571 2110 gaudet
593 2022 712 2089 humus
728 2026 932 2108 superatque
954 2022 1049 2088 nouis
1072 2025 1200 2088 asarota
1221 2020 1344 2109 figuris.

448 2152 609 2217 expauere
632 2129 760 2218 gradm.

625 2316 630 2322 .
796 2237 874 2322 quid
896 2259 982 2303 nunc
1005 2235 1173 2325 iungentia
1195 2235 1294 2300 mirer

448 2349 506 2412 aut
528 2344 606 2431 quid
629 2344 760 2430 partitis
783 2344 937 2410 distantia
960 2349 1047 2410 tecta
1068 2343 1242 2409 trichoris?

448 2453 527 2538 quid
549 2456 596 2537 te,
620 2473 702 2536 quae
725 2451 841 2518 mediis
864 2456 992 2518 seruata
1015 2451 1190 2536 penatibus
1212 2451 1309 2516 arbor

449 2564 534 2626 tecta
557 2580 616 2644 per
639 2562 672 2624 et
695 2562 807 2644 postes
829 2558 969 2644 liquidas
993 2557 1131 2646 emergis
1154 2557 1188 2623 in
1210 2580 1314 2644 auras,

450 2689 514 2753 quo
536 2689 602 2733 non
625 2667 686 2732 sub
711 2665 841 2732 domino
865 2689 978 2732 saeuas
1001 2689 1136 2752 passura
1159 2665 1340 2751 bipennes?

451 2779 485 2841 et
506 2797 601 2860 nunc,
623 2773 749 2860 ignoro,
771 2773 880 2840 forsan
903 2773 956 2839 uel
978 2773 1105 2839 lubrica
1126 2772 1207 2838 Nais

451 2882 505 2949 uel
526 2903 592 2947 non
615 2880 775 2965 abruptos
798 2880 861 2946 tibi
885 2880 993 2946 demet
1015 2880 1217 2966 Hamadryas
1239 2903 1349 2946 annos.

539 2988 616 3074 quid
639 2989 775 3054 referam
798 2988 940 3054 alternas
963 2987 1092 3076 gemino
1117 3009 1215 3072 super
1237 3009 1356 3075 aggere
1379 3009 1506 3052 mensas

449 3097 661 3181 albentesque
682 3095 773 3162 lacus
795 3095 943 3181 altosque
965 3095 1000 3161 in
1023 3095 1154 3182 gurgite
1177 3097 1284 3161 fontes
1538 3111 1572 3161 es

317 3235 451 3244 --—-———n

325 3317 360 3366 44
383 3309 453 3365 riuis
476 3309 662 3366 Bnebrseses'as
685 3339 719 3350 -
743 3313 777 3364 67
796 3307 936 3379 ingentia;
960 3325 1063 3365 cerna
1091 3339 1124 3350 -
1153 3313 1187 3363 ua
1212 3309 1243 3362 at
1260 3323 1334 3362 nunc
1355 3307 1515 3364 arenosae
1537 3339 1572 3348 -

236 3400 348 3472 ignaro;
375 3417 444 3456 corr.
467 3398 626 3454 Politianas
661 3397 779 3468 ignarae
804 3397 937 3454 Heinsius
964 3397 1078 3468 ignaros
1103 3397 1249 3454 Kas’bels'aa
1278 3429 1314 3438 -
1346 3403 1380 3452 63
1409 3396 1458 3452 nbi
1478 3397 1573 3451 demet

236 3491 318 3544 ctiam
336 3489 392 3558 ⁴⁸3
420 3488 504 3544 debet
523 3489 657 3545 Heinsius
675 3519 708 3530 -

237 3611 451 3620 -------

327 3691 361 3742 43
381 3685 468 3741 Theb.
483 3686 521 3740 IX
535 3691 587 3741 492
611 3684 774 3756 gramineae
797 3684 936 3756 producta
959 3683 1102 3756 crepidine
1125 3684 1203 3756 ripae
1243 3684 1311 3740 Silu.
1327 3685 1436 3740 1121?
1459 3684 1573 3752 gemina

237 3775 379 3832 testudine
402 3775 514 3831 fumant
535 3775 639 3830 balnea
676 3774 780 3829 Ancon.
800 3774 868 3830 Mos.
887 3779 939 3827 322
964 3773 1083 3829 lundata
1105 3774 1249 3845 crepidine
1272 3774 1351 3846 ripae
1369 3807 1405 3816 -
1428 3779 1479 3828 337
1504 3773 1572 3844 qnid

238 3881 310 3935 quae
329 3865 462 3920 fluminea
480 3864 642 3919 substructa
661 3862 804 3934 crepidine
824 3865 935 3918 sumant
953 3863 1066 3933 balnea,
1084 3863 1205 3918 feruenti
1224 3881 1287 3918 cum
1301 3863 1439 3918 Mulciber
1454 3863 1572 3918 haustus

238 3957 335 4026 operto
354 3954 446 4010 noluit
463 3952 613 4010 anhelatas
632 3953 752 4008 testona
770 3970 820 4024 per
838 3969 910 4008 cana
929 3953 1057 4008 flammas
1075 3951 1215 4008 inclusum
1238 3952 1397 4022 glomerans
1417 3955 1497 4010 aestu
1516 3953 1573 4025 epi·

238 4047 318 4100 rante
336 4061 478 4116 uaporem.
511 4041 572 4098 uidi
591 4059 643 4112 ego
663 4042 788 4098 delesses
807 4042 896 4098 multo
917 4041 1017 4097 sudore
1032 4042 1139 4098 lauacri
1158 4041 1303 4097 fastidisse
1321 4041 1400 4096 lacus
1420 4045 1449 4097 et
1467 4043 1573 4112 frigora

238 4134 418 4206 piscinam,
437 4137 469 4188 nt
483 4132 557 4186 niuis
572 4131 730 4187 fruerentur
749 4131 839 4202 aquis,
859 4149 924 4187 mox
943 4149 1024 4188 amne
1044 4133 1149 4187 refotos
1167 4131 1314 4203 plaudenti
1329 4130 1455 4204 gelidum
1469 4131 1571 4188 flumen

239 4222 380 4296 pepulisse
403 4225 502 4278 natatu
522 4255 556 4263 —
575 4227 609 4276 45
629 4221 697 4277 Silu.
716 4222 741 4274 V
760 4229 784 4277 3.
807 4226 857 4276 169
882 4221 990 4276 Baiana
1014 4221 1111 4288 litora,
1135 4237 1192 4290 qua
1215 4220 1316 4276 mediis
1340 4221 1398 4277 alte
1420 4221 1573 4294 permissus

239 4313 355 4368 anhelat
373 4312 448 4384 ignis
468 4310 549 4381 aquis
569 4343 602 4352 -
622 4309 701 4366 Felix
720 4309 880 4381 (Baehrens.
900 4309 983 4364 PLM
1002 4310 1040 4365 IV
1058 4329 1085 4382 p.
1099 4313 1161 4379 385)
1180 4311 1230 4365 AL
1250 4317 1310 4366 ala.
1330 4317 1346 4366 3
1365 4311 1490 4368 inclusus
1505 4310 1573 4366 Vul-

240 4419 326 4456 canus
346 4401 427 4471 aquis
447 4399 608 4472 algentibus
628 4398 674 4454 hic
693 4402 736 4454 est
756 4402 784 4454 et
801 4415 900 4470 pacem
919 4399 1035 4469 liquidis
1054 4399 1180 4456 fontibus
1198 4400 1272 4472 ignis
1291 4400 1385 4457 habet.
1419 4417 1482 4456 curn
1501 4399 1572 4469 lyrn-

238 4491 303 4564 phis
322 4490 425 4561 gelidis
443 4492 556 4546 constat
569 4489 719 4544 concordia
733 4490 862 4544 flammae
877 4505 911 4544 ac
925 4492 1020 4561 stupet
1034 4490 1165 4546 ardentes
1180 4489 1285 4562 frigida
1299 4490 1430 4562 Nympha
1443 4489 1523 4544 laena
1539 4523 1571 4532 -

238 4581 348 4637 Patron.
363 4580 395 4634 fr.
412 4579 545 4634 XXXVt
569 4578 682 4634 flumine
702 4578 795 4634 uicino
815 4578 919 4634 stultus
939 4579 1001 4634 sitit
1020 4611 1053 4621 -
1073 4585 1107 4634 47
1127 4581 1230 4635 Aneon.
1249 4579 1318 4634 Mos.
1334 4584 1385 4633 307
1405 4579 1573 4634 Menecratis

239 4675 312 4726 artes
341 4673 427 4740 atque
454 4669 559 4741 Ephesi
586 4671 715 4740 spectata
737 4685 837 4724 manus
860 4701 894 4712 —
917 4675 951 4724 47
971 4668 1039 4725 Situ.
1059 4669 1098 4724 IV
1116 4676 1140 4725 6.
1160 4677 1195 4724 40
1223 4669 1247 4724 si
1271 4669 1349 4725 uisus
1372 4685 1422 4740 per
1447 4668 1573 4724 membra

238 4761 309 4816 seres
337 4791 373 4802 -
401 4759 612 4814 asennaa.
633 4765 667 4814 ⁶8
695 4756 802 4828 gaudet
829 4759 929 4813 humus
956 4789 993 4800 —-
1020 4764 1054 4814 64
1074 4757 1141 4814 Sila.
1162 4761 1173 4814 l
1193 4765 1217 4815 5,
1237 4765 1272 4815 57
1295 4758 1363 4829 qnid
1384 4757 1579 4823 ...referam

240 4849 341 4904 Maron
360 4851 398 4905 cd
416 4850 475 4904 Inn.
495 4849 507 4902 I
526 4854 560 4903 45
598 4849 664 4905 Ans.
684 4847 755 4903 Mos.
774 4851 827 4902 885
852 4879 885 4889 -
909 4847 995 4904 Theb.
1016 4848 1042 4901 V
1060 4853 1112 4903 ola
1131 4849 1260 4919 geminae
1280 4847 1355 4904 iacet
1372 4864 1477 4921 aggere
1495 4847 1573 4921 ripae

243 4937 305 4994 Vel.
321 4937 361 4994 Fl.
377 4939 416 4994 Vl
431 4945 482 4994 149
500 4971 536 4980 -
