3814 5552
845 436 874 490 P.
894 435 1031 490 pertun
1050 435 1167 491 STATII

1000 758 1021 823 5

619 877 706 974 Quid
733 904 795 970 tibi
815 907 993 968 monstrate
1011 925 1232 968 mansuescere
1256 904 1380 988 profuit
1404 904 1473 969 ira?

556 1012 634 1098 quid
658 1013 761 1077 scelus
783 1013 1006 1096 humanasque
1030 1010 1136 1075 animo
1161 1011 1321 1076 dediscere
1345 1012 1457 1078 caedes

555 1119 792 1204 imperiumque
815 1118 885 1204 peti
910 1123 943 1183 et
966 1117 1095 1182 domino
1119 1139 1232 1203 perere
1256 1117 1395 1184 minori?

555 1227 642 1313 quid,
667 1227 754 1311 quod
773 1226 863 1291 abire
882 1225 977 1290 domo
996 1247 1172 1310 rursusque
1193 1225 1227 1290 in
1246 1224 1387 1290 claustra
1405 1227 1523 1292 reuerti

556 1339 667 1398 suetus
690 1338 723 1400 et
746 1356 765 1398 a
787 1336 883 1418 cepte
905 1332 969 1397 iam
993 1336 1110 1417 sponte
1133 1331 1279 1398 recedere
1303 1333 1423 1416 praede

556 1440 758 1526 insertasque
781 1463 895 1506 manus
918 1439 992 1504 lexo
1016 1439 1178 1504 dimittere
1202 1441 1333 1506 morsu?

556 1548 683 1632 occidis,
707 1549 845 1616 alterum
868 1551 1014 1612 uastator
1037 1546 1129 1612 docte
1152 1548 1303 1634 ferarum,

556 1679 620 1721 non
643 1679 742 1743 grege
766 1656 908 1740 Massylo
932 1676 1096 1738 curuaque
1120 1654 1271 1743 indagine
1295 1655 1431 1742 eleusuS,

555 1786 619 1829 non
645 1763 817 1829 formidato
841 1785 940 1847 supra
962 1762 1124 1827 uenabula
1147 1763 1233 1826 saltu

556 1870 674 1936 incitus
697 1874 753 1936 eut
776 1891 868 1936 ceeco
891 1870 1005 1948 foueee
1029 1868 1183 1955 deceptus
1206 1870 1307 1954 hiatu,

555 1979 611 2043 sed
634 1978 741 2044 uictus
765 1977 910 2065 fugiente
934 1979 1010 2043 fere.
1056 1981 1122 2042 stet
1145 1977 1272 2042 cordine
1296 1984 1409 2062 aperto

555 2086 668 2151 infelix
692 2107 791 2151 cauea
813 2090 846 2150 et
869 2085 994 2150 clausas
1016 2084 1137 2150 circum
1161 2084 1303 2170 rmdique
1326 2089 1439 2169 portes

555 2193 617 2258 hoc
639 2192 767 2260 licuisse
790 2192 881 2258 nefas
905 2191 1023 2277 placidi
1047 2196 1195 2257 tumuere
1217 2191 1334 2258 leones.

555 2305 626 2366 tum
649 2301 773 2366 cunctis
797 2299 938 2365 cecidere
961 2300 1057 2366 iubae
1081 2299 1263 2384 puduitque
1287 2299 1424 2366 relatum

555 2408 698 2493 aspicere
722 2413 755 2473 et
777 2411 864 2472 totas
887 2406 1006 2472 duxere
1029 2405 1210 2472 inlumina
1232 2407 1363 2472 frontes.

555 2520 676 2581 utnon
701 2520 733 2580 te
757 2515 862 2599 primo
886 2513 994 2579 fusum
1016 2536 1121 2580 nouus
1144 2513 1257 2578 obruit
1279 2513 1346 2580 ictu

555 2623 610 2687 ille
634 2623 751 2707 pudor:
775 2643 921 2688 mansere
944 2620 1043 2686 enimi
1068 2621 1237 2706 uirtusque
1261 2621 1387 2686 cedenti

555 2754 574 2794 a
598 2728 702 2795 medie
724 2729 788 2794 iem
812 2732 915 2794 morte
940 2728 1023 2794 redit
1045 2751 1105 2794 nec
1129 2728 1278 2813 protinus
1302 2751 1413 2794 omnes

556 2841 647 2923 terge
670 2836 783 2902 dedere
807 2835 921 2902 minoe.
967 2835 1050 2901 sicut
1073 2835 1136 2900 sibi
1160 2835 1306 2901 conscius
1330 2836 1386 2901 alti

556 2944 699 3010 uulneris
721 2944 892 3010 aduersum
914 2943 1055 3009 moriens
1078 2943 1105 3008 it
1128 2942 1221 3008 miles
1244 2943 1278 3007 in
1300 2944 1426 3010 hostem
1640 2963 1674 3011 no

554 3051 742 3136 attollitque
766 3072 896 3116 menum
920 3055 953 3115 et
975 3051 1060 3116 ferro
1083 3049 1213 3115 labente
1235 3050 1390 3116 minetur:

556 3159 601 3226 sic
625 3159 718 3246 piger
741 3158 797 3223 ille
819 3158 922 3246 gradu
945 3157 1107 3242 solitoque
1132 3161 1249 3222 exutus
1271 3157 1394 3224 honore

555 3268 662 3332 firmet
680 3266 773 3332 hians
792 3266 902 3331 oculos
921 3265 1126 3348 animamque
1145 3264 1338 3349 hostemque
1357 3266 1502 3351 requirit.

555 3397 673 3460 magne
695 3377 803 3438 temen
827 3371 929 3437 subiti
953 3377 1060 3437 tecum
1084 3371 1203 3438 solecic
1226 3371 1292 3452 leti,

556 3481 650 3567 uicte,
668 3483 760 3566 feres,
780 3480 867 3564 quod
885 3484 918 3545 te
936 3479 1050 3544 moesti
1071 3478 1277 3565 populusque
1296 3485 1481 3567 putresque,
1640 3501 1673 3548 25

555 3611 613 3654 ceu
635 3593 733 3654 notus
756 3587 884 3652 caderes
907 3586 994 3652 tristi
1018 3586 1178 3673 gladiator
1200 3586 1328 3673 herene,

431 3861 446 3908 t
465 3855 529 3910 Leo
548 3857 745 3910 mensuetus
769 3885 803 3894 -—
828 3859 842 3908 1
862 3853 1039 3909 constratae
1062 3884 1095 3892 —
1119 3858 1135 3906 6
1154 3850 1344 3920 incertosque3
1363 3871 1431 3908 corr.
1453 3859 1470 3908 ς
1491 3885 1524 3894 -
1545 3859 1577 3908 12
1597 3853 1672 3908 cleu·

342 3944 379 3998 sir
400 3989 405 4000 .
423 3989 427 3999 .
445 3989 449 3998 .
469 3945 557 4016 portis
578 3947 703 4017 Gugetus
730 3976 763 3984 —
793 3947 826 3997 13
845 3943 976 4010 timuere;
995 3960 1063 3999 corr.
1084 3949 1101 3997 ς
1125 3974 1160 3982 -
1190 3947 1222 3996 16
1242 3957 1275 3996 ac
1293 3959 1349 3996 non
1369 3945 1461 4011 (etiam
1474 3942 1552 4012 Δ’7);
1575 3960 1673 3998 corno

343 4067 374 4074 ·—
402 4041 435 4088 2³
455 4034 633 4105 animumque
652 4035 839 4090 Martlocdus
857 4065 892 4074 -

342 4185 553 4192 —·------——

432 4289 456 4338 t.
486 4283 602 4338 eldert.
622 4283 634 4336 I
655 4289 723 4336 lte
747 4283 847 4353 ooptee
870 4282 914 4336 leo
937 4297 1052 4360 parcere
1074 4281 1197 4351 pruedee
1224 4283 1259 4349 cf.
1279 4281 1291 4334 l
1312 4287 1416 4338 totle
1454 4281 1672 4339 enumero

341 4373 457 4428 reddere
477 4373 513 4426 eb
533 4389 580 4427 ore
598 4389 697 4426 menne
716 4374 746 4426 et
763 4369 843 4426 nulle
860 4370 957 4426 uiuere
979 4371 1086 4441 praede
1113 4403 1147 4411 --
1176 4377 1192 4425 6
1211 4371 1292 4425 Mart.
1313 4371 1337 4425 Π
1357 4376 1426 4426 tut
1450 4370 1495 4426 leo
1515 4415 1520 4427 .
1538 4416 1543 4427 .
1560 4417 1564 4426 .
1584 4372 1673 4428 inser-

341 4465 455 4532 tamque
483 4461 545 4532 peti
567 4461 689 4517 blundus
712 4461 741 4514 in
766 4477 816 4514 ore
838 4475 953 4514 menum
989 4460 1072 4516 Mart.
1092 4459 1104 4512 I
1124 4464 1182 4515 104.
1195 4466 1227 4514 17
1250 4460 1331 4516 loxos
1349 4459 1395 4515 cui
1414 4461 1481 4516 dere
1505 4461 1672 4531 peruiosque

341 4552 428 4607 rictus
447 4551 573 4622 gaudent
591 4582 626 4591 -
645 4556 660 4603 7
680 4549 763 4621 Verg.
779 4551 810 4604 A.
826 4547 864 4604 IX
879 4555 928 4604 771
949 4549 1072 4604 fecerum
1090 4551 1264 4604 uestetorem
1281 4582 1316 4590 —
1335 4556 1352 4604 8
1372 4549 1432 4605 Tib.
1447 4550 1485 4604 111
1501 4556 1552 4605 9.7
1572 4551 1672 4606 densos

341 4641 474 4711 indagine
494 4639 579 4695 colles
598 4639 775 4695 claudentem
812 4640 914 4694 Lucan.
929 4639 968 4692 Vl
982 4644 1017 4694 42
1036 4638 1109 4694 feres
1127 4638 1263 4710 indagine
1282 4637 1392 4694 cleudit
1411 4671 1444 4679 -
1464 4638 1512 4695 Sil.
1528 4640 1560 4694 It.
1571 4639 1610 4694 IV
1619 4647 1670 4694 451

340 4729 466 4785 cecidere
485 4729 569 4784 iubae
597 4761 630 4770 —
662 4734 694 4783 18
714 4727 781 4783 Silu.
796 4727 821 4782 V
838 4733 860 4783 1.
874 4733 923 4782 177
945 4727 1041 4784 medie
1059 4727 1093 4782 de
1112 4731 1202 4782 morte
1225 4745 1337 4783 reuersa
1359 4745 1439 4783 mens
1467 4761 1502 4769 —
1529 4735 1561 4784 23
1585 4729 1671 4785 Theb.

340 4818 365 4870 V
381 4823 433 4872 set
452 4817 618 4887 animaeque
637 4818 733 4888 fugem
752 4833 802 4887 per
819 4817 946 4872 membre
964 4818 1106 4888 tepentem
1125 4817 1237 4886 quaerit
1255 4816 1337 4872 hiens
1359 4851 1389 4860 -
1411 4825 1445 4872 24
1465 4817 1515 4874 On.
1531 4819 1567 4873 M.
1582 4818 1607 4874 V
1621 4825 1669 4874 191

340 4923 445 4978 megne
463 4907 535 4962 teres
554 4905 657 4960 tecites
677 4905 784 4962 solacia
801 4905 900 4960 mortis
919 4905 956 4960 ed
975 4905 1088 4960 umbras
1108 4922 1126 4960 e
1143 4909 1224 4962 tento
1243 4905 1377 4962 cecidisse
1397 4907 1458 4962 uiro
1477 4939 1510 4948 -
