3820 5558
842 441 872 498 P.
890 439 1027 496 PAPlNll
1046 437 1164 496 STATll

550 606 636 672 inter
657 603 851 691 Amyclaeos
873 604 1026 690 reptabat
1048 602 1182 670 candida
1204 603 1334 689 fratres,

551 713 604 780 uel
627 711 732 799 qualis
754 711 833 778 caeli
856 712 969 798 facies,
992 711 1050 778 ubi
1072 715 1167 778 nocte
1191 731 1303 776 serena

550 819 721 886 admouere
744 820 840 885 iubar
861 819 985 885 mediae
1009 819 1072 886 duo
1096 817 1202 885 sidera
1223 818 1328 884 lunae.

639 926 696 992 sed
715 949 832 1013 queror
849 927 935 992 haud
953 926 1073 1012 faciles,
1092 925 1247 992 iuuenum
1261 925 1431 1014 rarissime,
1449 931 1582 1012 quesbus

551 1035 734 1121 irascorque
757 1033 868 1120 etiam,
891 1036 1048 1119 quantum
1070 1033 1254 1099 irascuntur
1277 1037 1429 1099 amantes,

551 1146 683 1208 tantane
706 1163 757 1206 mc
781 1140 889 1206 decuit
912 1140 1040 1228 uulgari
1063 1139 1182 1227 gaudia
1203 1140 1289 1206 fama

551 1249 705 1316 noscere?
742 1270 879 1335 cumque
902 1248 964 1314 tibi
989 1247 1115 1334 uagirel
1139 1246 1254 1313 lortius
1278 1247 1397 1334 infans,

553 1357 701 1444 probinus
725 1355 850 1444 ingcnli
873 1378 940 1421 non
962 1353 1053 1420 uenil
1076 1354 1191 1421 nuntia
1213 1377 1308 1422 eursu

550 1466 674 1552 littera,
698 1485 779 1548 quae
802 1464 904 1530 festos
927 1461 1089 1529 cumulare
1113 1461 1271 1528 alteribus
1294 1463 1387 1550 ignes

553 1578 586 1639 el
608 1570 758 1638 redimire
782 1569 900 1655 chelyn
922 1574 1096 1656 possesque
1120 1591 1233 1636 ornare
1256 1569 1385 1635 iuberet

553 1678 746 1764 Albanoque
769 1678 882 1743 cadum
906 1676 1089 1743 sordentem
1111 1699 1259 1762 promere
1282 1676 1371 1742 fumo

553 1792 586 1854 el
609 1791 704 1853 cantu
728 1784 856 1874 signare
879 1785 977 1872 diem,
1001 1784 1055 1850 sed
1078 1784 1189 1851 lardus
1211 1784 1361 1870 inersque

554 1916 640 1962 nuno
663 1893 791 1959 demum
813 1913 886 1956 mea
908 1895 985 1957 uota
1008 1890 1110 1957 cano?
1151 1894 1208 1958 tua
1231 1892 1325 1977 culpa
1347 1895 1486 1978 tuusque

552 2001 605 2067 hic
629 1999 742 2086 pudor.
787 1998 924 2064 ulterius
947 1998 1002 2064 sed
1026 1997 1111 2063 euim
1134 1997 1312 2084 producere
1336 2004 1469 2084 questus

553 2132 619 2175 non
641 2107 730 2192 lieeb3
753 2129 793 2172 en
815 2105 929 2172 hilaris
952 2105 1139 2172 circumcisi
1160 2107 1258 2172 hurbe
1280 2111 1410 2172 luorum

555 2216 763 2300 defensasque
782 2217 917 2300 pafrem.
955 2234 1051 2299 quem
1069 2235 1135 2278 non
1152 2213 1215 2279 hoc
1233 2213 1361 2300 agmine
1380 2214 1513 2281 uineas?

644 2323 688 2387 ‘di
710 2319 821 2407 patrii,
845 2341 926 2405 quos
948 2319 1093 2406 auguriis
1117 2341 1214 2404 super
1237 2343 1377 2405 aequora
1399 2321 1526 2410 maguis

553 2431 633 2496 libus
656 2429 696 2494 ad
718 2425 899 2494 Ausonium
923 2427 1054 2493 deuexit
1076 2426 1221 2492 Abantia
1243 2427 1367 2494 classis:

555 2542 605 2623 lu,
628 2535 743 2602 ductor
764 2534 879 2621 populi
902 2534 1000 2622 longe
1023 2533 1207 2622 migrantis,
1231 2535 1364 2622 Apollo,

555 2644 646 2711 cuius
668 2643 772 2710 adhuc
795 2642 959 2708 uolucrem
983 2643 1075 2708 laeua
1098 2641 1221 2708 ceruice
1245 2643 1409 2710 sedentem

555 2750 732 2838 respiciens
754 2749 871 2816 blanda
895 2749 974 2816 felix
996 2747 1141 2814 Eumelis
1164 2749 1289 2835 adorat,

554 2865 669 2946 tuque,
691 2858 813 2924 Actaea
836 2855 945 2942 Ceres,
969 2879 1065 2922 cursu
1089 2857 1140 2922 cui
1164 2879 1290 2942 semper
1313 2859 1429 2924 anhelo

554 2967 701 3034 uoliuam
724 2965 816 3032 bacili
838 2987 1028 3051 quassamus
1050 2964 1200 3051 lampada
1223 2970 1361 3051 mystae,

557 3079 589 3141 eh
612 3096 684 3161 uos,
707 3072 922 3158 Tyndaridae,
948 3093 1029 3157 quos
1051 3093 1117 3138 non
1139 3072 1299 3138 horrenda
1320 3073 1463 3162 Lycurgi

555 3183 701 3270 Taygeta
724 3181 959 3265 umbrosaeque
983 3179 1088 3267 magis
1111 3179 1237 3246 coluere
1261 3179 1463 3266 Therapnae:

555 3291 616 3355 hos
640 3311 713 3354 eum
735 3287 832 3373 plebe
856 3309 926 3371 sua,
948 3285 1061 3371 patrii,
1084 3289 1211 3352 seruole
1234 3290 1378 3372 penales.

556 3397 635 3484 sini,
658 3395 714 3481 qui
737 3396 855 3461 fessam
878 3416 958 3459 aeuo
982 3392 1167 3479 crebrisque
1189 3393 1358 3460 laboribus
1382 3396 1496 3462 urbem

555 3526 635 3570 uoce
654 3501 845 3588 opibusque,
856 3501 970 3567 iuuenl
988 3500 1148 3585 uiridique
1167 3499 1202 3568 in
1219 3501 1349 3568 nomine
1369 3509 1507 3570 seruenl.

555 3611 607 3678 his
630 3609 775 3696 placidos
798 3607 927 3696 genitor
950 3629 1056 3673 mores
1078 3608 1268 3696 largumque
1293 3609 1432 3676 nitorem

557 3720 716 3784 monstret
734 3738 827 3802 auus,
850 3715 1004 3801 pulchrae
1023 3715 1166 3781 studium
1185 3716 1318 3783 uirtutis
1337 3721 1481 3804 uberque.

557 3825 679 3911 quippe
699 3828 732 3890 et
751 3844 831 3908 opes
848 3826 882 3887 et
901 3822 993 3910 origo
1012 3821 1124 3888 sinunl
1141 3821 1224 3888 hanc
1242 3823 1390 3910 lampade
1410 3825 1514 3910 prima

556 3932 710 4019 patricias
733 3931 853 3996 infrare
876 3930 976 4015 fores,
998 3930 1059 3995 hos
1082 3929 1170 4019 pube
1195 3931 1255 3997 sub
1279 3931 1366 4018 ipsa,
1643 3952 1677 3999 so

558 4040 585 4106 si
609 4038 704 4106 modo
728 4059 830 4122 prona
854 4037 949 4103 honis
972 4036 1087 4103 inuieli
1111 4037 1255 4104 Caesaris
1278 4037 1386 4106 adsinl

557 4147 703 4232 numina,
725 4144 875 4211 Romulei
897 4144 997 4210 limen
1020 4143 1150 4230 pulsare
1173 4147 1322 4212 senalus!

347 4259 559 4268 .---.--

434 4315 468 4362 32
493 4305 669 4363 carissimas
692 4337 727 4346 -
751 4309 786 4359 40
805 4305 882 4358 creba
901 4301 1012 4374 signare
1031 4305 1174 4360 Beothius
1198 4336 1231 4344 -
1260 4304 1299 4360 sic
1319 4305 1416 4360 lardus
1436 4307 1621 4363 Baehrmss'us
1644 4340 1676 4348 -

345 4404 379 4453 46
399 4397 435 4452 ab
446 4395 531 4452 unxia
540 4395 653 4464 classis3
671 4412 740 4451 corr.
755 4412 773 4447 a
782 4424 817 4433 —
831 4398 865 4446 60
879 4396 967 4463 tuque
979 4409 1048 4448 acca
1062 4409 1151 4463 ceres3
1170 4411 1265 4450 corae
1283 4397 1318 4463 cs.
1334 4393 1456 4450 V2.1·28
1470 4427 1505 4436 -
1520 4401 1554 4450 54
1568 4395 1677 4468 patriae

346 4489 505 4544 Gronouius
531 4518 565 4528 -
594 4489 627 4540 57
651 4482 792 4554 placidum
817 4490 918 4539 coras
951 4483 1002 4538 hos
1024 4481 1154 4553 placidus
1174 4483 1347 4540 Sadlrausim
1373 4516 1409 4525 -
1437 4490 1470 4538 59
1495 4485 1592 4540 sinunt
1611 4485 1678 4554 hac;

345 4593 414 4634 corr.
431 4577 581 4634 emanire
600 4605 633 4614 -

436 4743 470 4792 84
490 4733 704 4793 Ou.Her.V19
724 4751 773 4790 cur
791 4733 861 4789 mihi
880 4735 957 4790 fama
975 4733 1051 4805 prior
1069 4749 1154 4803 quam
1172 4733 1273 4790 nuntia
1292 4734 1389 4790 littera
1406 4733 1487 4790 uenit
1509 4767 1544 4776 -
1567 4739 1601 4789 46
1616 4733 1677 4790 Tib.

347 4827 411 4882 111.
429 4833 461 4882 1⁷
487 4826 516 4880 di
534 4824 621 4897 patrii
649 4855 683 4866 —
712 4830 744 4879 61
763 4823 867 4880 Lucan.
883 4824 921 4878 III
937 4831 970 4878 15
989 4823 1374 4895 quaterenl...lampadas
1393 4826 1429 4892 cs.
1449 4823 1507 4880 Silu
1537 4825 1579 4846 '⁶
1607 4829 1615 4846 ¹

347 4921 381 4972 57
400 4919 435 4985 cs.
454 4917 492 4972 cd
510 4914 548 4970 IV
564 4920 588 4970 4.
604 4920 638 4970 72
657 4945 691 4956 -
710 4921 745 4970 62
765 4914 958 4972 sunuaeo
976 4913 1121 4984 penetrale
1141 4915 1254 4970 senalus
1335 4912 1483 4986 pulsasti-
