3814 5552
763 438 950 496 SILVARVM
968 439 1006 494 111
1025 445 1041 498 3

452 600 514 667 duo
537 606 651 687 portus
674 601 835 688 urbesque
857 606 939 669 tuas.
985 606 1018 668 te
1041 602 1188 687 praeside
1210 607 1337 690 noscat,

453 709 537 773 unde
561 708 710 794 paludosi
733 709 869 775 fecunda
891 709 1023 776 licentia
1044 709 1127 796 Nili,

450 839 507 882 cur
531 817 612 882 uada
635 816 782 882 desidant
806 821 838 882 et
861 816 933 902 ripa
955 822 1101 884 coerceat
1123 817 1225 883 undas

451 922 607 1009 Cecropio
631 928 783 1012 stagnata
804 923 889 1008 luto,
911 945 969 990 our
991 923 1102 990 inuida
1123 924 1287 1010 Memphis

451 1053 548 1097 curue
571 1030 773 1118 'lhsrapnaei
796 1030 945 1097 lasciuiat
968 1053 1024 1097 ora
1048 1029 1186 1119 Canopi,

451 1160 508 1204 eur
530 1143 638 1204 seruet
659 1139 794 1206 Pharias
816 1138 978 1204 Lethaeus
1001 1138 1120 1204 ianitor
1142 1161 1227 1225 aras,

450 1245 529 1311 uilia
551 1268 608 1312 cur
630 1267 766 1334 magnos
784 1249 923 1330 aequent
946 1245 1097 1311 animalia
1119 1246 1225 1332 diuos;

451 1375 533 1439 quae
556 1353 621 1420 sibi
643 1357 846 1440 praesternat
869 1352 968 1418 uiuax
990 1351 1105 1418 altaria
1127 1352 1287 1441 Phoenix,

451 1483 532 1546 quos
555 1460 708 1550 dignetur
730 1483 825 1548 agros
847 1464 905 1525 aut
929 1483 993 1546 quo
1017 1483 1051 1526 se
1074 1461 1204 1548 gurgite
1227 1461 1295 1528 Nili

451 1573 577 1656 mergat
599 1568 751 1634 adoratus
773 1567 911 1653 trepidis
933 1567 1121 1653 pastoribus
1143 1568 1234 1654 Apis.

452 1677 512 1742 duo
536 1676 632 1742 etad
654 1675 824 1741 Emathios
847 1697 971 1761 manes,
993 1675 1051 1740 ubi
1075 1675 1213 1762 belliger
1236 1676 1327 1742 urbis

451 1783 598 1848 conditor
620 1781 770 1867 Hyblaeo
793 1782 944 1867 perfusus
966 1786 1095 1848 nectare
1118 1783 1226 1868 durat,

451 1890 719 1978 anguiferamque
738 1889 882 1975 domum,
901 1889 1021 1956 blando
1040 1911 1104 1976 qua
1122 1913 1226 1956 mersa
1245 1913 1369 1958 ueneno

452 1997 563 2064 Actias
586 1997 747 2063 Ausonias
770 1997 857 2085 fugit
880 1996 1051 2082 Cleopatra
1074 2001 1211 2064 catenas.

451 2127 555 2191 usque
579 2107 612 2170 et
635 2104 669 2169 in
692 2103 843 2189 Assyrias
866 2104 957 2170 sedes
980 2104 1194 2190 mandataque
1216 2110 1321 2171 castra

451 2234 647 2298 prosequere
671 2216 704 2276 et
725 2210 824 2276 Marti
847 2211 1012 2295 iuuenem,
1035 2211 1106 2297 dea,
1129 2211 1219 2278 trade
1241 2212 1367 2280 Latino.

451 2342 510 2386 nee
531 2342 637 2386 nouus
659 2319 780 2404 hospes
803 2318 878 2385 erit:
915 2341 997 2404 puer
1018 2319 1071 2383 his
1093 2319 1223 2386 sudauit
1246 2321 1279 2384 in
1303 2321 1389 2386 aruis

451 2432 548 2493 notus
571 2427 676 2492 adhuc
698 2431 826 2491 tantum
849 2426 980 2492 maioris
1001 2426 1123 2492 lumine
1146 2426 1244 2514 claui,

449 2535 514 2600 iarn
537 2540 646 2600 tamen
669 2538 703 2599 et
725 2537 849 2599 turmas
872 2533 960 2599 facili
983 2538 1188 2619 praeuertere
1211 2557 1294 2622 gyro

450 2641 546 2710 fortis
569 2646 602 2706 el
625 2641 712 2707 ans
735 2640 839 2708 iaculo
863 2640 1014 2731 damnare
1037 2641 1195 2728 sagittas?

538 2772 616 2837 ergo
640 2749 702 2815 erit
725 2747 781 2814 illa
804 2747 885 2835 dies,
910 2771 975 2834 qua
996 2753 1030 2815 te
1053 2749 1174 2815 maiora
1198 2749 1331 2816 daturus

449 2855 565 2922 Caesar
587 2857 629 2922 ab
653 2855 787 2921 emerito
811 2855 922 2921 iubeat
946 2856 1107 2922 discedere
1132 2857 1218 2924 bello

448 2986 485 3030 ac
507 2987 568 3030 nos
591 2963 653 3030 hoc
675 2963 794 3028 iterum
817 2967 939 3028 stantes
962 2963 996 3028 in
1019 2963 1114 3030 litore
1138 2970 1249 3030 uastos

449 3093 616 3136 cernemus
638 3071 756 3135 fluctus
779 3070 922 3155 aliasque
946 3070 1134 3157 rogabimus
1156 3074 1262 3138 auras!

449 3200 468 3244 o
492 3183 563 3243 lum
587 3181 727 3263 quantus
750 3199 811 3266 ego
835 3181 892 3242 aut
916 3182 1039 3262 quanta
1062 3178 1174 3244 uotiua
1196 3179 1336 3246 mouebo

449 3285 574 3370 plectra
596 3285 680 3370 lyra,
703 3307 776 3350 cum
799 3307 850 3350 me
873 3307 992 3372 magna
1014 3285 1138 3352 ceruice
1161 3284 1299 3374 ligatum

449 3392 579 3458 attolles
601 3391 745 3458 humeris
768 3395 867 3477 atque
891 3391 926 3457 in
947 3414 1020 3456 mea
1042 3397 1175 3476 pectora
1198 3393 1339 3478 primum

450 3499 616 3565 incumbes
639 3522 657 3564 e
680 3521 793 3584 puppe
815 3521 921 3564 nouus
944 3504 1138 3584 seruataque
1160 3500 1274 3565 reddes

447 3607 610 3693 colloquia
632 3607 732 3691 inque
756 3606 861 3671 uicem
883 3606 1006 3672 medios
1028 3606 1233 3672 narrabimus
1256 3629 1370 3674 annos:

447 3719 484 3780 tu
507 3712 656 3799 rapidum
679 3713 872 3799 Euphraten
896 3718 929 3780 et
952 3715 1042 3801 regia
1065 3714 1182 3780 Baetra
1204 3735 1375 3800 sacrasque

446 3822 599 3908 antiquae
621 3821 800 3906 Babylonis
824 3843 903 3906 opes
927 3825 959 3886 et
983 3821 1138 3909 Zeugma,
1160 3821 1295 3888 Latinae

446 3929 536 4015 pacis
559 3929 635 4014 iter,
658 3951 722 4014 qua
745 3927 836 3993 dulae
859 3949 974 3993 nemus
997 3928 1142 3994 florentis
1164 3926 1308 4016 ldumes,

446 4058 509 4121 qua
532 4035 675 4121 pretiosa
698 4034 801 4120 Tyros
827 4035 956 4119 rubeat,
981 4056 1045 4119 qua
1067 4057 1212 4121 purpura
1235 4058 1311 4102 suco

323 4253 374 4302 110
392 4249 544 4318 stagnme
562 4246 622 4302 luto
640 4252 664 4300 B
686 4279 721 4287 —
750 4252 801 4300 119
818 4262 913 4302 morsa
931 4263 1039 4302 ueneno
1060 4247 1192 4304 Heinsius
1224 4263 1316 4305 mersa
1333 4253 1450 4305 ueterno
1470 4250 1568 4307 Marl-

233 4338 333 4392 laadae
361 4370 394 4378 -
424 4336 663 4407 luchiacum)
687 4334 803 4390 sudauit
820 4336 850 4390 in
874 4335 973 4404 armia3
998 4343 1105 4392 coras
1135 4369 1168 4378 -
1199 4343 1250 4392 124
1273 4337 1386 4394 numine
1410 4341 1503 4409 (etiam
1521 4340 1570 4410 Β)

232 4426 320 4496 cleui3
345 4444 414 4483 corr.
434 4425 553 4482 Noblias
585 4442 699 4481 munere
719 4433 736 4480 ς
756 4458 791 4467 -
816 4431 866 4480 123
886 4425 979 4480 facilis
997 4429 1176 4496 praeuertere
1197 4427 1259 4483 Otto
1278 4459 1313 4468 -
1332 4433 1384 4483 129
1403 4431 1435 4483 at
1451 4445 1502 4484 nos
1522 4434 1570 4483 ΑΒ

233 4549 265 4558 -
287 4521 339 4571 134
357 4514 535 4584 incumbens3
554 4533 622 4572 corr.
644 4534 657 4569 a
676 4548 709 4556 -
731 4521 780 4570 137
802 4533 912 4584 zeuma3
931 4533 999 4572 corr.
1020 4533 1033 4568 a
1052 4549 1085 4558 -
1111 4521 1162 4572 133
1181 4533 1266 4586 quam
1284 4517 1366 4571 dulce
1385 4517 1572 4574 numesius

235 4637 268 4646 -·
289 4611 340 4661 133
360 4623 415 4676 quo
489 4621 545 4676 quo
561 4606 682 4661 ...luco
703 4606 863 4662 Groaouiue
882 4637 914 4646 -

321 4827 372 4876 113
392 4820 461 4878 sila
476 4821 499 4876 V
516 4827 540 4878 2.
557 4827 609 4876 134
628 4820 744 4896 sudabis
762 4821 792 4876 in
811 4820 888 4876 aruis
911 4853 945 4862 —
974 4826 1025 4876 123
1044 4821 1269 4892 Verg.A.1118
1288 4823 1389 4876 nantes
1407 4819 1438 4874 in
1456 4820 1569 4892 gurgite

236 4913 318 4966 uasto
339 4943 372 4952 —
393 4917 445 4966 132
464 4911 572 4968 silan
587 4918 611 4967 1.
627 4917 679 4965 202
698 4926 859 4982 magnaque
878 4911 951 4982 ligat
969 4912 1077 4968 ceruice
1096 4943 1131 4952 -
