3814 5552
858 469 887 524 Ρ.
908 467 1044 524 ΡΑΡΙΝΠ
1063 467 1181 524 suurn

563 653 698 716 cumque
722 631 798 716 Tyri
821 632 934 698 niueas
957 637 1044 698 secat
1067 639 1100 698 et
1123 631 1256 698 Sidonia
1278 655 1384 718 rupes.

563 739 617 803 uix
640 739 730 804 locus
753 738 909 827 Eurotae,
933 741 1047 807 uiridis
1070 763 1143 806 cum
1167 742 1279 829 regula
1302 741 1401 827 longo

562 844 712 931 Synnada
736 845 890 912 distinctu
915 849 1028 913 uariat.
1064 871 1129 914 non
1153 848 1266 914 limina
1288 853 1424 932 cessant,

562 953 719 1040 effulgent
742 976 900 1042 camerae,
922 955 1013 1021 uario
1036 956 1169 1044 lastigie
1193 957 1278 1023 uitro

561 1061 594 1125 in
618 1061 742 1146 species
765 1063 937 1148 animoque
959 1063 1074 1129 nitent.
1112 1069 1223 1150 stupet
1246 1065 1316 1150 ipse
1340 1065 1452 1128 beatas

560 1168 797 1254 circumplexus
820 1192 900 1256 opes
924 1176 956 1236 et
979 1172 1108 1256 parcius
1131 1173 1270 1257 imperat
1294 1171 1387 1259 ignis

559 1274 680 1340 multus
703 1276 824 1362 ubique
848 1277 930 1362 dies,
953 1279 1051 1344 radiis
1074 1279 1132 1344 ubi
1157 1279 1297 1345 culmina
1320 1279 1399 1344 totis

559 1383 703 1467 perforat
725 1389 825 1469 atque
848 1385 912 1450 alio
936 1386 984 1452 sol
1007 1387 1177 1472 improbus
1201 1387 1307 1453 uritur
1330 1391 1429 1452 aestu.

557 1491 605 1555 nil
627 1491 675 1556 ibi
698 1492 877 1579 plebeium3
899 1516 1061 1578 nusquam
1083 1494 1255 1560 Temesaea
1277 1494 1409 1559 notabis

558 1620 644 1685 aera,
667 1599 723 1664 sed
746 1606 880 1687 argento
904 1601 983 1667 felix
1006 1602 1203 1686 propellitur
1225 1601 1310 1666 unda

557 1711 756 1793 argentoque
779 1708 865 1773 cadit
887 1708 1052 1795 labrisque
1075 1709 1257 1775 nitentibus
1281 1709 1382 1774 instat

557 1812 687 1880 delicias
710 1815 826 1880 mirata
849 1838 924 1882 suas
948 1822 980 1881 ct
1003 1816 1093 1882 abire
1116 1821 1250 1882 recusat.

559 1925 649 1986 extra
671 1927 780 1989 autem
803 1923 898 1989 niueo
922 1924 977 2009 qui
1002 1924 1147 2012 margine
1171 1923 1316 1990 caerulus
1340 1923 1443 1990 amnis

557 2029 641 2094 uiuit
664 2033 697 2094 et
720 2030 754 2096 in
778 2053 937 2097 summum
961 2031 1061 2097 fundo
1085 2036 1176 2117 patet
1200 2032 1305 2098 omnis
1328 2032 1369 2096 ab
1393 2032 1459 2096 imo
1482 2068 1526 2080 -

557 2137 607 2202 oui
630 2159 695 2204 non
720 2138 765 2204 ire
788 2138 859 2204 lacu
883 2139 1059 2226 pigrosque
1083 2139 1249 2206 exsoluere
1272 2139 1409 2205 amiotus

557 2244 710 2310 suadeat?
748 2246 809 2311 hoc
832 2246 944 2312 mallet
966 2247 1053 2312 nasci
1079 2246 1237 2332 Cytherea
1260 2246 1431 2332 profundo,

555 2352 609 2418 hie
632 2357 664 2418 te
688 2353 894 2439 perspicuum
917 2353 1046 2441 melius,
1068 2353 1231 2441 Narcisse‚
1255 2353 1388 2440 uideres,

556 2459 609 2524 hic
632 2460 729 2526 uelox
751 2459 872 2525 Hecate
896 2460 977 2526 uelit
1000 2466 1033 2525 ct
1056 2460 1213 2545 deprensa
1231 2461 1342 2526 lauari.

557 2567 634 2652 quid
657 2590 742 2634 nuno
765 2571 867 2634 strata
890 2569 959 2634 solo
983 2568 1118 2634 referam
1141 2569 1289 2633 tabulata
1313 2567 1475 2652 crepantis

555 2674 704 2740 auditum
727 2675 824 2760 pilas,
848 2675 904 2741 ubi
927 2675 1100 2762 languidus
1123 2675 1208 2764 ignis
1231 2676 1351 2741 inerrat

555 2781 686 2848 sedibus
709 2788 742 2875 et
764 2787 895 2848 tenuem
918 2783 1056 2849 uoluunt
1078 2784 1280 2869 hypocausta
1303 2783 1478 2869 uaporem?

553 2911 612 2955 nec
634 2890 662 2955 si
685 2889 815 2956 Baianis
838 2891 947 2956 ueniat
970 2913 1075 2956 nouus
1098 2891 1218 2976 hospes
1241 2891 1282 2957 ab
1308 2891 1381 2976 oris,

553 2998 631 3062 talia
654 2997 809 3082 despiciet
831 3036 875 3045 —
898 2998 948 3063 fas
971 2999 1014 3064 sit
1038 3019 1230 3083 componere
1254 2998 1380 3085 magnis

552 3127 653 3190 parua
677 3143 718 3152 —
741 3104 891 3172 Neroneo
914 3128 972 3172 nee
995 3105 1050 3190 qui
1074 3105 1170 3172 modo
1194 3106 1281 3172 lotus
1305 3105 1338 3169 in
1363 3104 1456 3192 unda,

553 3213 607 3278 hic
629 3213 747 3279 iterum
770 3213 885 3280 sudare
908 3218 1014 3302 neget.

1071 3327 1189 3406 macte,
1212 3344 1283 3406 oro,
1306 3320 1423 3386 nitenti

552 3427 683 3516 ingenio
707 3450 846 3514 curaque
870 3430 963 3514 puer!
1000 3433 1106 3494 tecum
1130 3428 1193 3493 ista
1215 3430 1382 3492 senescent

552 3539 585 3600 et
607 3540 664 3600 tua
687 3535 751 3601 iam
773 3535 890 3602 melius
913 3535 1015 3602 discat
1039 3537 1168 3601 fortuna
1191 3534 1326 3600 renoscit
1637 3551 1671 3600 oo

340 3689 553 3700 ——-.-—--

428 3789 461 3838 39
481 3799 604 3854 quoque;
623 3801 690 3840 corr.
707 3785 823 3841 Vollmer
850 3801 960 3860 qucque
976 3791 1014 3840 ςο
1028 3816 1063 3825 -
1081 3799 1207 3854 quasque
1221 3781 1309 3852 'Pyros
1324 3799 1397 3838 uena
1416 3783 1493 3836 secat
1507 3799 1522 3836 e
1537 3781 1670 3838 Sidonide

342 3891 424 3944 rupes
439 3873 575 3930 Halmius
592 3904 628 3912 —
646 3880 678 3927 41
700 3873 876 3942 distinctum
895 3891 964 3931 corr.
979 3873 1140 3930 Pontianus
1157 3905 1191 3914 -
1210 3871 1322 3940 limina;
1341 3871 1481 3926 luminas
1503 3903 1534 3912 -
1554 3877 1588 3925 43
1609 3871 1669 3926 ani-

288 4029 292 4036 ·
338 3979 454 4032 mosque
473 3963 616 4018 Domitius
643 3963 770 4018 animosa
785 3963 919 4020 Heinsius
946 3963 1074 4018 animata
1088 3963 1274 4019 Marklandua
1291 3994 1327 4002 -
1344 3966 1379 4016 4⁷
1399 3964 1552 4029 numanam
1570 3977 1639 4016 corr.
1654 3980 1671 4013 ι

339 4083 373 4094 -
393 4059 426 4107 52
442 4052 472 4106 in
490 4051 608 4106 fundum
628 4070 748 4121 summo;
768 4069 836 4109 corr.
857 4059 874 4108 ς
899 4083 932 4093 -
956 4059 988 4108 ol
1010 4052 1154 4123 dispiciet3
1175 4051 1350 4123 despiciat&
1378 4083 1410 4092 -
1439 4057 1473 4105 65
1492 4050 1549 4104 iam
1572 4048 1671 4104 melior

339 4145 482 4199 Acontius
513 4141 571 4196 iam
590 4141 619 4196 in
638 4142 738 4197 melius
758 4143 944 4199 Marklacdua
962 4173 995 4182 -

427 4382 461 4431 44
480 4373 568 4432 Theb.
583 4374 634 4429 Vll
649 4380 700 4429 202
719 4393 798 4430 rarus
818 4417 868 4431 ...
888 4375 1007 4446 imperet
1024 4374 1099 4444 ignis
1125 4406 1158 4416 —
1187 4381 1222 4430 52
1241 4376 1276 4443 cs.
1295 4375 1333 4430 ad
1351 4374 1402 4429 12.
1423 4379 1474 4429 lob
1493 4403 1529 4415 -
1547 4379 1581 4428 5⁷
1600 4371 1670 4443 quid

338 4507 390 4521 ...
409 4465 528 4520 referam
547 4465 581 4532 cs.
601 4466 639 4520 ad
657 4465 670 4518 I
688 4471 713 4520 3.
731 4471 765 4520 65
784 4497 817 4505 —
838 4470 871 4519 59
890 4466 993 4519 Aaron.
1013 4463 1082 4520 Mos.
1102 4469 1154 4518 339
1173 4463 1312 4518 Mulciber
1331 4509 1336 4520 .
1353 4507 1358 4519 .
1375 4507 1380 4518 .
1400 4463 1492 4518 uoluit
1511 4507 1517 4518 .
1533 4506 1539 4520 .
1556 4507 1561 4520 .
1581 4466 1668 4518 tecto·

337 4554 380 4608 ria
393 4571 444 4626 per
457 4570 529 4610 caua
543 4553 670 4608 flammas
698 4553 792 4610 Sidon.
808 4553 837 4610 C.
852 4551 930 4608 XXII
945 4558 994 4607 191
1016 4553 1125 4624 spargit
1138 4551 1277 4608 lentatum
1295 4569 1345 4624 per
1359 4552 1482 4607 culmina
1501 4555 1563 4608 tota
1581 4569 1668 4622 uapo-

337 4661 395 4698 rem
410 4675 444 4685 -
462 4649 496 4697 60
512 4645 615 4696 Aaron.
629 4642 698 4698 Mos.
710 4647 761 4698 345
780 4643 856 4712 quod
871 4643 895 4696 si
909 4641 1041 4698 Comani·
1055 4641 1109 4696 huc
1124 4641 1235 4697 adforet
1248 4642 1349 4713 hospes
1364 4642 1401 4696 ab
1416 4642 1471 4696 oris
1486 4675 1519 4683 —
1536 4648 1568 4697 61
1584 4642 1667 4714 Verg.

337 4731 368 4788 G.
384 4732 422 4786 IV
438 4739 488 4787 176
507 4733 531 4786 si
549 4747 638 4804 parua
657 4730 724 4786 licet
743 4747 909 4802 componere
927 4730 1186 4802 moguianl.123
1207 4731 1246 4786 sic
1265 4731 1360 4802 paruis
1379 4747 1544 4802 componere
1562 4748 1668 4802 magna

337 4821 461 4876 solebam
482 4853 514 4862 -
