3782 5550
303 449 346 516 56
611 535 621 572 Ι
814 449 844 506 P.
864 449 1000 506 PAPINII
1018 449 1136 506 sanun

301 620 423 682 metros
454 615 564 681 habet.
609 619 644 680 at
671 616 808 682 fortasse
840 619 876 680 tu
905 639 965 700 pro
993 615 1118 703 collega
1146 613 1321 682 mentieris.
1370 613 1524 682 Manilius
1551 617 1637 681 certe
1655 631 1690 680 20

303 722 478 810 Vopiscus,
511 722 561 788 uir
589 723 825 790 eruditissimus
853 727 886 788 et
914 723 969 808 qui
1003 723 1176 808 praecipue
1204 723 1348 789 uindicat
1374 744 1394 787 a
1420 723 1485 788 situ
1512 721 1639 788 litteras

304 831 367 896 iem
391 852 493 916 paene
521 830 697 918 fugientes,
729 830 812 896 solet
839 830 926 896 ultro
954 852 1082 917 quoque
1109 831 1239 896 nomine
1267 852 1339 896 meo
1367 829 1499 917 gloriari
1527 828 1638 895 uillam

302 937 508 1004 Tiburtinam
527 960 619 1004 suam
638 937 688 1024 [3]
708 937 903 1022 descriptam
927 961 945 1002 a
968 937 1064 1003 nobis
1083 960 1147 1003 uno
1167 939 1227 1004 die.
1268 937 1415 1022 sequitur
1438 937 1488 1023 [4]
1508 936 1639 1003 libellus

302 1045 427 1119 Rutilio
456 1045 579 1112 Galbae
608 1045 844 1112 conualescenti
873 1045 1051 1132 dedicatus,
1078 1046 1117 1110 de
1146 1069 1209 1131 quo
1238 1045 1320 1111 nihil
1349 1045 1433 1128 dieo,
1460 1067 1500 1110 ne
1528 1044 1639 1110 uidear

302 1153 446 1220 defuncti
470 1153 564 1218 testis
587 1153 754 1220 occasione
777 1153 916 1219 mentiri.
961 1175 1037 1218 nam
1056 1153 1106 1239 [5]
1127 1152 1239 1219 Claudi
1264 1152 1392 1218 Etrusci
1415 1151 1638 1218 testimonium
1657 1169 1691 1218 25

304 1265 369 1347 est,
392 1261 447 1346 qui
473 1261 657 1327 balneolum
680 1285 699 1326 a
720 1284 770 1326 me
790 1284 883 1327 suum
903 1261 988 1326 intra
1005 1283 1129 1326 moram
1148 1282 1244 1326 cenae
1263 1260 1394 1346 recepit.
1427 1260 1462 1325 in
1479 1262 1543 1325 line
1562 1263 1638 1326 sunt

305 1369 355 1454 [6]
379 1367 542 1434 Kalendae
570 1368 779 1453 Decembres,
806 1368 926 1454 quibus
953 1367 1066 1453 utique
1094 1368 1247 1434 creditur:
1278 1372 1407 1434 noctem
1435 1367 1520 1434 enim
1548 1367 1638 1432 illam

304 1475 523 1542 felicissimam
547 1479 581 1541 et
603 1475 831 1561 uoluptatibus
855 1475 996 1561 publicis
1020 1475 1222 1561 inexpertam
1246 1527 1253 1540 .
1277 1527 1284 1540 .
1308 1527 1315 1540 .
1340 1527 1347 1540 .

392 1711 428 1760 uo
446 1708 475 1760 et
492 1705 625 1776 sonasse
644 1724 713 1764 cerr.
733 1707 901 1763 Romanius
915 1739 950 1746 -
964 1705 1100 1774 manlius;
1120 1722 1189 1762 corr.
1206 1705 1407 1763 Fricdluender
1427 1738 1460 1748 —
1479 1712 1514 1762 24
1532 1705 1637 1776 gallico

305 1835 349 1886 est
366 1795 475 1886 ualelid
492 1831 534 1885 Ιι
556 1833 662 1888 litteras
683 1835 886 1904 suprascriptas
913 1833 1013 1888 delenit
1035 1838 1060 1888 et
1087 1833 1120 1886 in
1137 1833 1261 1903 marciane
1279 1833 1377 1902 pinxit
1395 1830 1504 1886 ualenti
1521 1831 1570 1886 1³.
1601 1833 1639 1886 In

305 1940 322 1974 ι
337 1929 400 1992 post
419 1920 541 1991 Galbae,
564 1922 691 1978 saltiacum
708 1939 804 1978 meaa
822 1923 949 1991 aetam,
971 1938 1017 1977 eae
1035 1923 1147 1978 addidit
1166 1921 1324 1977 Politiacas
1346 1938 1408 1978 cum
1430 1922 1582 1976 &aimonio
1605 1937 1639 1976 ec

305 2010 352 2080 Β,
370 2017 402 2068 ut
419 2011 538 2068 uidam.
576 2010 685 2067 Gallico
704 2013 749 2067 est
766 2010 875 2066 ualens
892 2019 952 2068 cett.
971 2013 1048 2068 cedd.
