3814 5552
757 450 941 508 SILVARVM
961 451 1004 506 11
1028 449 1070 505 ln
1165 401 1170 412 ·
1430 485 1436 503 .
1513 445 1553 511 81

436 617 561 703 ponite:
585 615 702 682 dilecto
727 615 801 682 uolo
824 613 972 681 lasciuire
996 613 1106 680 sodali.

434 724 550 812 iunge,
573 746 667 809 puer,
691 722 838 809 cyathos!
874 722 947 788 heia
970 743 1156 788 enumerare
1179 719 1293 786 labora
1523 735 1556 783 10

435 836 704 916 cunctantemque
727 829 857 896 intende
880 830 1009 915 chelyn3
1032 829 1158 894 discede
1181 826 1351 914 Laborque

436 938 596 1024 Curaque,
618 939 695 1002 dum
718 936 830 1004 nitidis
853 937 997 1003 canimus
1019 935 1218 1024 gemmantia
1240 935 1326 1000 saxis

436 1046 551 1112 balnea
574 1045 714 1130 dumque
738 1066 858 1130 procax
882 1044 975 1110 uittis
998 1043 1202 1128 hederisque,
1225 1043 1331 1108 soluta

434 1153 548 1219 fronde
571 1151 764 1235 uerecunda,
788 1150 858 1217 (llio
882 1173 953 1216 mea
975 1150 1059 1216 ludit
1081 1150 1228 1216 Etrusco.

435 1261 494 1347 ite,
517 1261 594 1326 deae
618 1259 751 1345 uirides,
773 1258 978 1344 liquidosque
1001 1258 1160 1324 aduertite
1184 1257 1294 1324 uultus
1336 1277 1338 1284 ·
1524 1273 1556 1322 ro

436 1372 470 1433 et
492 1367 633 1434 uitreum
656 1366 777 1432 teneris
800 1365 920 1432 crinem
944 1365 1092 1431 redimite
1116 1365 1279 1450 corymbis

436 1477 528 1539 ueste
551 1474 634 1540 nihil
657 1477 775 1558 tectae,
799 1473 910 1559 quales
934 1471 1100 1561 emergitis
1122 1472 1198 1538 altis

435 1581 584 1647 fontibus
607 1585 640 1648 et
663 1580 736 1646 uisu
759 1579 893 1666 Satyros
916 1579 1076 1665 torquetis
1099 1583 1252 1646 amantes.

437 1711 503 1756 non
527 1711 599 1777 uos,
622 1711 704 1773 quae
728 1688 825 1774 culpa
848 1689 945 1754 decus
967 1687 1148 1754 infamastis
1171 1708 1336 1774 aquarum,

419 1796 610 1862 ¹sollicitare
634 1796 726 1862 iuuat
748 1834 793 1842 —
816 1795 930 1880 procul
952 1795 1028 1862 hinc
1051 1799 1084 1861 et
1105 1796 1196 1862 fonte
1220 1795 1331 1862 doloso
1523 1811 1558 1860 ae

435 1904 590 1970 Salmacis
614 1908 646 1969 et
669 1903 785 1969 uiduae
809 1901 1006 1968 Cebrenidos
1028 1902 1117 1967 arida
1139 1902 1230 1970 luctu

436 2011 569 2078 flumina
592 2015 625 2076 et
647 2009 799 2076 Herculei
823 2009 1009 2095 praedatrix
1032 2010 1125 2075 cedat
1148 2009 1269 2075 alumni
1293 2048 1337 2058 -

437 2141 495 2184 uos
517 2117 612 2204 mihi,
635 2140 717 2202 quae
741 2117 871 2183 Latium
894 2120 1091 2203 septenaque
1114 2116 1267 2203 eulmina,
1290 2115 1473 2202 Nymphae,

437 2225 579 2292 incolitis
602 2223 824 2310 Thybrimque
848 2225 943 2291 nouis
966 2223 1119 2290 attollitis
1140 2223 1244 2311 undis,

437 2355 517 2417 quas
539 2355 695 2418 praeceps
716 2331 823 2398 Anien
846 2337 944 2418 atque
968 2336 1144 2417 exceptura
1166 2335 1297 2397 natatus
1524 2349 1558 2396 ao

438 2437 540 2525 Virgo
564 2439 656 2504 iuuat
678 2438 865 2524 Marsasque
887 2439 980 2504 niues
1003 2444 1036 2504 et
1059 2438 1182 2525 frigora
1205 2439 1324 2506 ducens

437 2544 572 2631 Marcia,
595 2545 768 2631 praecelsis
791 2569 927 2632 quarum
951 2567 1034 2634 uaga
1057 2546 1199 2612 molibus
1222 2547 1307 2613 unda

438 2653 553 2718 crescit
575 2657 609 2718 et
631 2653 799 2720 innumero
823 2653 967 2738 pendens
990 2653 1223 2718 transmittitur
1245 2675 1334 2721 arou:

438 2764 583 2826 uestrum
602 2783 685 2846 opus
703 2760 919 2848 aggredimur,
936 2763 1047 2826 uestra
1065 2764 1123 2846 ost,
1142 2783 1239 2846 quam
1257 2761 1397 2826 carmine
1416 2761 1506 2827 molli

439 2868 562 2954 pando,
584 2867 707 2933 domus.
1142 2859 1144 2862 ⁵
1176 2849 1184 2868 ⁸

719 2998 784 3041 non
804 2998 957 3061 umquam
976 2976 1049 3041 aliis
1067 2976 1241 3042 habitastis
1260 2976 1293 3041 in
1312 2976 1414 3042 antris
1527 2994 1560 3042 eo

440 3082 547 3149 ditius.
585 3083 657 3168 ipsa
679 3105 794 3149 manus
816 3083 926 3149 tenuit·
945 3081 1105 3168 Cytherea
1127 3073 1236 3149 mariti

440 3190 698 3276 monstrauitque
722 3195 807 3256 artes
830 3211 892 3255 neu
916 3190 991 3256 uilis
1014 3191 1143 3256 flamma
1166 3191 1308 3256 caminos

441 3302 562 3382 ureret,
585 3297 657 3382 ipsa
680 3297 765 3362 faces
789 3298 956 3364 uolucrum
979 3297 1144 3363 succendit
1167 3296 1332 3364 Amorum.

404 3418 406 3422 ·
441 3426 506 3468 non
528 3405 592 3469 huc
614 3404 771 3470 admissae
794 3404 918 3471 Thasos
942 3408 998 3470 aut
1021 3405 1144 3470 undosa
1166 3403 1327 3490 Carystos,

442 3515 562 3576 maeret
586 3534 672 3597 onyx
694 3513 792 3599 longe
815 3512 1025 3597 queriturque
1049 3512 1198 3578 exclusus
1220 3512 1363 3599 ophites,
1528 3527 1562 3576 eo

441 3619 511 3684 sola
532 3618 616 3684 nitet
638 3618 732 3684 flauis
754 3618 937 3686 Nomadum
960 3619 1067 3684 decisa
1089 3619 1230 3685 metallis

443 3747 601 3811 purpura,
624 3726 705 3811 sola,
729 3749 807 3792 cauo
831 3727 993 3814 Phrygiae
1017 3749 1113 3811 quam
1137 3725 1305 3811 Synnados
1327 3731 1420 3790 antro

443 3833 514 3917 ipse
537 3833 721 3899 cruentauit
743 3833 877 3899 maculis
900 3833 1085 3900 lucentibus
1106 3834 1206 3920 Attis,

231 3959 444 3968 ——-—...—--.-

321 4032 354 4080 10
377 4028 407 4080 et
429 4042 605 4095 enumerare;
624 4030 709 4096 atque
738 4033 936 4082 enumerares
979 4027 1044 4082 heia
1062 4043 1105 4083 en.
1122 4028 1240 4084 Vollmer
1281 4027 1330 4082 sed
1354 4043 1389 4081 ne
1414 4043 1562 4082 numerare

231 4115 388 4170 &rimatus
406 4147 437 4155 -
461 4121 494 4169 13
513 4116 603 4183 mitis3
623 4115 703 4169 cittis
722 4117 766 4171 uel
784 4115 884 4184 myrtis
904 4121 921 4170 ς
941 4147 975 4156 -
1001 4121 1033 4169 14
1053 4117 1223 4186 uerecundo;
1242 4134 1310 4174 corr.
1326 4118 1513 4173 Boebrmsias
1533 4147 1564 4157 -

228 4211 292 4274 post
315 4203 481 4273 hederisque
500 4205 620 4260 diatoni
634 4205 749 4261 Vollmer
776 4235 811 4244 -
840 4210 873 4258 11
897 4204 1029 4270 auertite;
1051 4222 1120 4261 corr.
1136 4205 1295 4262 Politioous
1321 4237 1357 4247 —-
1389 4211 1423 4260 19
1442 4205 1566 4260 carmine

231 4292 317 4362 nulli3
340 4309 408 4348 corr.
428 4293 570 4350 Domitiae
593 4293 676 4364 (nulli
697 4295 729 4348 io
747 4298 774 4345 Ι
796 4296 837 4350 ita
857 4296 965 4362 petam
988 4301 1035 4364 est,
1057 4301 1089 4350 ut
1110 4296 1193 4364 focile
1216 4298 1403 4366 interpreteris
1425 4294 1515 4364 molli)
1531 4325 1566 4336 -

232 4381 436 4437 salinensibus
451 4383 612 4440 Politionuo
630 4414 665 4422 -

322 4567 357 4615 25
376 4561 441 4617 Hor.
461 4560 489 4616 O.
509 4561 522 4614 1
541 4569 564 4617 ’1.
586 4565 619 4615 18
637 4577 771 4632 praeceps
790 4561 862 4616 Anio
881 4594 915 4602 —
935 4567 969 4615 ³0
990 4561 1072 4632 Verg.
1089 4563 1149 4618 al
1169 4569 1220 4619 168
1244 4563 1439 4636 Nympharum
1467 4561 1566 4616 domus

232 4649 313 4704 Hmm
332 4651 435 4706 1113.
456 4655 489 4704 76
508 4681 544 4691 -
562 4655 596 4705 31
610 4650 714 4707 Aaron.
729 4651 799 4707 Mos.
816 4656 848 4705 15
872 4652 1017 4720 quaeritur
1040 4652 1184 4708 exclusum
1208 4653 1292 4708 uiridi
1316 4652 1438 4724 caligine
1457 4650 1567 4706 caelum

232 4771 269 4781 -
283 4743 318 4794 86
332 4739 437 4795 Silull
452 4745 476 4795 2.
488 4745 521 4792 92
536 4739 695 4795 Nomadum
709 4739 844 4795 flauentia
859 4759 928 4796 saxa
939 4771 972 4782 -
988 4747 1021 4795 31
1036 4744 1070 4810 cs.
1082 4741 1151 4797 Silu.
1161 4743 1186 4798 11
1197 4749 1221 4798 2.
1233 4749 1265 4798 8⁵1
1278 4761 1318 4814 sq.
1333 4744 1371 4798 od
1384 4742 1396 4795 1
1411 4747 1435 4796 2.
1449 4746 1499 4796 148
1507 4758 1567 4810 sqq.

233 4829 366 4886 Prodest.
387 4829 489 4899 Syram.
505 4829 531 4883 Π
545 4834 597 4884 216
616 4833 731 4900 atquae
746 4847 814 4886 saxa
829 4831 915 4886 Paros
930 4835 1008 4886 secat
1022 4834 1051 4888 et
1065 4848 1137 4901 quae
1151 4832 1259 4888 Punica
1273 4849 1364 4904 rupes,
1382 4847 1454 4902 quae
1468 4829 1569 4885 uiridis

234 4918 430 4974 Lacedaemon
448 4917 535 4974 babet
553 4919 752 4990 maculosaque
771 4921 881 4990 Synnas
900 4951 936 4962 -

288 5017 416 5074 Votum,
430 5018 525 5061 smnus·
538 5019 618 5060 illm.
1340 5017 1356 5064 6
