<?xml version="1.0" encoding="UTF-8"?>
<!DOCTYPE html PUBLIC "-//W3C//DTD XHTML 1.0 Transitional//EN"
    "http://www.w3.org/TR/xhtml1/DTD/xhtml1-transitional.dtd">
<html xmlns="http://www.w3.org/1999/xhtml" xml:lang="en" lang="en">
 <head>
  <title>
</title>
<meta http-equiv="Content-Type" content="text/html;charset=utf-8" />
  <meta name='ocr-system' content='tesseract 3.04.00' />
  <meta name='ocr-capabilities' content='ocr_page ocr_carea ocr_par ocr_line ocrx_word'/>
</head>
<body>
  <div class='ocr_page' id='page_1' title='image "./silvarvmlibri00buecgoog_0177.png"; bbox 0 0 3820 5558; ppageno 0'>
   <div class='ocr_carea' id='block_1_1' title="bbox 855 456 1178 516">
    <p class='ocr_par' dir='ltr' id='par_1_1' title="bbox 855 456 1178 516">
     <span class='ocr_line' id='line_1_1' title="bbox 855 456 1178 516; baseline 0.009 -4"><span class='ocrx_word' id='word_1_1' title='bbox 855 456 886 516; x_wconf 92' lang='lat' dir='ltr'>P.</span> <span class='ocrx_word' id='word_1_2' title='bbox 905 457 1042 513; x_wconf 81' lang='lat' dir='ltr'>PAPINII</span> <span class='ocrx_word' id='word_1_3' title='bbox 1060 457 1178 515; x_wconf 76' lang='grc' dir='ltr'><strong>ΒΤΔΤΠ</strong></span> 
     </span>
    </p>
   </div>
   <div class='ocr_carea' id='block_1_2' title="bbox 562 621 1438 4470">
    <p class='ocr_par' dir='ltr' id='par_1_2' title="bbox 562 621 1438 4470">
     <span class='ocr_line' id='line_1_2' title="bbox 653 621 1327 710; baseline 0.006 -23"><span class='ocrx_word' id='word_1_4' title='bbox 653 621 816 708; x_wconf 80' lang='lat' dir='ltr'>cedamus,</span> <span class='ocrx_word' id='word_1_5' title='bbox 838 621 946 708; x_wconf 77' lang='lat' dir='ltr'>chely,</span> <span class='ocrx_word' id='word_1_6' title='bbox 969 622 1033 688; x_wconf 88' lang='lat' dir='ltr'>iam</span> <span class='ocrx_word' id='word_1_7' title='bbox 1056 645 1175 710; x_wconf 89' lang='lat' dir='ltr'>repone</span> <span class='ocrx_word' id='word_1_8' title='bbox 1188 629 1327 692; x_wconf 86' lang='lat' dir='ltr'>oentus:</span> 
     </span>
     <span class='ocr_line' id='line_1_3' title="bbox 562 713 1333 815; baseline 0.008 -22"><span class='ocrx_word' id='word_1_9' title='bbox 562 727 570 745; x_wconf 90' lang='lat'><em>&#39;</em></span> <span class='ocrx_word' id='word_1_10' title='bbox 651 734 744 795; x_wconf 86' lang='lat' dir='ltr'>uetes</span> <span class='ocrx_word' id='word_1_11' title='bbox 766 729 908 796; x_wconf 75' lang='lat' dir='ltr'><strong>sanctior</strong></span> <span class='ocrx_word' id='word_1_12' title='bbox 930 729 1059 815; x_wconf 77' lang='lat' dir='ltr'>incipit,</span> <span class='ocrx_word' id='word_1_13' title='bbox 1082 731 1252 797; x_wconf 79' lang='lat' dir='ltr'>troandum</span> <span class='ocrx_word' id='word_1_14' title='bbox 1275 713 1333 800; x_wconf 79' lang='lat' dir='ltr'>est.</span> 
     </span>
     <span class='ocr_line' id='line_1_4' title="bbox 652 836 1258 925; baseline 0.005 -24"><span class='ocrx_word' id='word_1_15' title='bbox 652 837 706 901; x_wconf 88' lang='lat' dir='ltr'>en!</span> <span class='ocrx_word' id='word_1_16' title='bbox 742 840 775 901; x_wconf 93' lang='lat' dir='ltr'>et</span> <span class='ocrx_word' id='word_1_17' title='bbox 797 836 881 910; x_wconf 86' lang='lat' dir='ltr'>oolla</span> <span class='ocrx_word' id='word_1_18' title='bbox 903 841 990 903; x_wconf 88' lang='lat' dir='ltr'>rotat</span> <span class='ocrx_word' id='word_1_19' title='bbox 1012 838 1170 925; x_wconf 87' lang='lat' dir='ltr'>nouisque</span> <span class='ocrx_word' id='word_1_20' title='bbox 1192 838 1258 905; x_wconf 86' lang='lat' dir='ltr'>late</span> 
     </span>
     <span class='ocr_line' id='line_1_5' title="bbox 653 943 1277 1032; baseline 0.006 -23"><span class='ocrx_word' id='word_1_21' title='bbox 653 943 828 1010; x_wconf 77' lang='lat' dir='ltr'>baechatur</span> <span class='ocrx_word' id='word_1_22' title='bbox 851 945 967 1030; x_wconf 80' lang='lat' dir='ltr'>spatiis</span> <span class='ocrx_word' id='word_1_23' title='bbox 990 945 1141 1031; x_wconf 84' lang='lat' dir='ltr'>uiamque</span> <span class='ocrx_word' id='word_1_24' title='bbox 1163 947 1277 1032; x_wconf 88' lang='lat' dir='ltr'>replet.</span> 
     </span>
     <span class='ocr_line' id='line_1_6' title="bbox 653 1051 1234 1139; baseline 0.007 -23"><span class='ocrx_word' id='word_1_25' title='bbox 653 1055 731 1117; x_wconf 86' lang='lat' dir='ltr'>tuno</span> <span class='ocrx_word' id='word_1_26' title='bbox 754 1051 800 1118; x_wconf 89' lang='lat' dir='ltr'>sio</span> <span class='ocrx_word' id='word_1_27' title='bbox 823 1051 971 1139; x_wconf 82' lang='lat' dir='ltr'>uirgineo</span> <span class='ocrx_word' id='word_1_28' title='bbox 994 1054 1143 1137; x_wconf 86' lang='lat' dir='ltr'>profatur</span> <span class='ocrx_word' id='word_1_29' title='bbox 1166 1076 1234 1120; x_wconf 90' lang='lat' dir='ltr'>ore:</span> 
     </span>
     <span class='ocr_line' id='line_1_7' title="bbox 742 1158 1339 1249; baseline 0.008 -26"><span class='ocrx_word' id='word_1_30' title='bbox 742 1158 914 1246; x_wconf 78' lang='lat' dir='ltr'>‘dioebam,</span> <span class='ocrx_word' id='word_1_31' title='bbox 937 1159 1046 1226; x_wconf 88' lang='lat' dir='ltr'>ueniet</span> <span class='ocrx_word' id='word_1_32' title='bbox 1070 1158 1211 1248; x_wconf 88' lang='lat' dir='ltr'>(menete</span> <span class='ocrx_word' id='word_1_33' title='bbox 1235 1163 1339 1249; x_wconf 89' lang='lat' dir='ltr'>oampi</span> 
     </span>
     <span class='ocr_line' id='line_1_8' title="bbox 652 1267 1313 1357; baseline 0.005 -25"><span class='ocrx_word' id='word_1_34' title='bbox 652 1271 748 1352; x_wconf 85' lang='lat' dir='ltr'>atque</span> <span class='ocrx_word' id='word_1_35' title='bbox 772 1267 901 1354; x_wconf 85' lang='lat' dir='ltr'>amnis),</span> <span class='ocrx_word' id='word_1_36' title='bbox 924 1267 1033 1332; x_wconf 88' lang='lat' dir='ltr'>ueniet</span> <span class='ocrx_word' id='word_1_37' title='bbox 1056 1268 1186 1334; x_wconf 86' lang='lat' dir='ltr'>fauente</span> <span class='ocrx_word' id='word_1_38' title='bbox 1209 1270 1313 1357; x_wconf 86' lang='lat' dir='ltr'>eaelo,</span> 
     </span>
     <span class='ocr_line' id='line_1_9' title="bbox 653 1373 1346 1460; baseline 0.007 -21"><span class='ocrx_word' id='word_1_39' title='bbox 653 1373 708 1458; x_wconf 92' lang='lat' dir='ltr'>qui</span> <span class='ocrx_word' id='word_1_40' title='bbox 731 1373 861 1440; x_wconf 85' lang='lat' dir='ltr'>foedum</span> <span class='ocrx_word' id='word_1_41' title='bbox 882 1395 996 1440; x_wconf 89' lang='lat' dir='ltr'>nemus</span> <span class='ocrx_word' id='word_1_42' title='bbox 1019 1379 1053 1440; x_wconf 87' lang='lat' dir='ltr'>et</span> <span class='ocrx_word' id='word_1_43' title='bbox 1075 1379 1187 1460; x_wconf 77' lang='lat' dir='ltr'>putres</span> <span class='ocrx_word' id='word_1_44' title='bbox 1210 1376 1346 1444; x_wconf 77' lang='lat' dir='ltr'><strong>harenas</strong></span> 
     </span>
     <span class='ocr_line' id='line_1_10' title="bbox 653 1480 1211 1566; baseline 0.004 -20"><span class='ocrx_word' id='word_1_45' title='bbox 653 1480 746 1546; x_wconf 88' lang='lat' dir='ltr'>eelsis</span> <span class='ocrx_word' id='word_1_46' title='bbox 768 1481 924 1566; x_wconf 90' lang='lat' dir='ltr'>pontibus</span> <span class='ocrx_word' id='word_1_47' title='bbox 947 1487 981 1548; x_wconf 86' lang='lat' dir='ltr'>et</span> <span class='ocrx_word' id='word_1_48' title='bbox 1003 1481 1057 1548; x_wconf 88' lang='lat' dir='ltr'>uia</span> <span class='ocrx_word' id='word_1_49' title='bbox 1078 1482 1211 1548; x_wconf 87' lang='lat' dir='ltr'>leuabit.</span> 
     </span>
     <span class='ocr_line' id='line_1_11' title="bbox 653 1588 1333 1674; baseline 0.004 -20"><span class='ocrx_word' id='word_1_50' title='bbox 653 1589 706 1654; x_wconf 85' lang='lat' dir='ltr'>en!</span> <span class='ocrx_word' id='word_1_51' title='bbox 742 1588 795 1654; x_wconf 91' lang='lat' dir='ltr'>hio</span> <span class='ocrx_word' id='word_1_52' title='bbox 818 1593 867 1654; x_wconf 85' lang='lat' dir='ltr'>est</span> <span class='ocrx_word' id='word_1_53' title='bbox 890 1588 981 1674; x_wconf 87' lang='lat' dir='ltr'>deus,</span> <span class='ocrx_word' id='word_1_54' title='bbox 1003 1589 1090 1655; x_wconf 87' lang='lat' dir='ltr'>huno</span> <span class='ocrx_word' id='word_1_55' title='bbox 1113 1589 1204 1656; x_wconf 92' lang='lat' dir='ltr'>iubet</span> <span class='ocrx_word' id='word_1_56' title='bbox 1228 1592 1333 1658; x_wconf 88' lang='lat' dir='ltr'>beatis</span> 
     </span>
     <span class='ocr_line' id='line_1_12' title="bbox 652 1694 1253 1784; baseline 0.007 -24"><span class='ocrx_word' id='word_1_57' title='bbox 652 1718 712 1781; x_wconf 92' lang='lat' dir='ltr'>pro</span> <span class='ocrx_word' id='word_1_58' title='bbox 736 1717 770 1760; x_wconf 90' lang='lat' dir='ltr'>se</span> <span class='ocrx_word' id='word_1_59' title='bbox 792 1694 942 1781; x_wconf 87' lang='lat' dir='ltr'>Iuppiter</span> <span class='ocrx_word' id='word_1_60' title='bbox 963 1696 1122 1782; x_wconf 85' lang='lat' dir='ltr'>imperare</span> <span class='ocrx_word' id='word_1_61' title='bbox 1145 1697 1253 1784; x_wconf 78' lang='lat' dir='ltr'>terris3</span> 
     </span>
     <span class='ocr_line' id='line_1_13' title="bbox 653 1803 1332 1893; baseline 0.006 -24"><span class='ocrx_word' id='word_1_62' title='bbox 653 1825 717 1889; x_wconf 90' lang='lat' dir='ltr'>quo</span> <span class='ocrx_word' id='word_1_63' title='bbox 740 1825 806 1869; x_wconf 91' lang='lat' dir='ltr'>non</span> <span class='ocrx_word' id='word_1_64' title='bbox 829 1803 958 1890; x_wconf 81' lang='lat' dir='ltr'>dignior</span> <span class='ocrx_word' id='word_1_65' title='bbox 979 1803 1039 1870; x_wconf 86' lang='lat' dir='ltr'>has</span> <span class='ocrx_word' id='word_1_66' title='bbox 1062 1804 1152 1870; x_wconf 92' lang='lat' dir='ltr'>subit</span> <span class='ocrx_word' id='word_1_67' title='bbox 1174 1805 1332 1893; x_wconf 87' lang='lat' dir='ltr'>habenas,</span> 
     </span>
     <span class='ocr_line' id='line_1_14' title="bbox 652 1911 1286 1996; baseline 0.005 -20"><span class='ocrx_word' id='word_1_68' title='bbox 652 1933 692 1976; x_wconf 86' lang='lat' dir='ltr'>ex</span> <span class='ocrx_word' id='word_1_69' title='bbox 715 1933 779 1996; x_wconf 92' lang='lat' dir='ltr'>quo</span> <span class='ocrx_word' id='word_1_70' title='bbox 802 1933 853 1975; x_wconf 89' lang='lat' dir='ltr'>me</span> <span class='ocrx_word' id='word_1_71' title='bbox 878 1911 957 1976; x_wconf 86' lang='lat' dir='ltr'>duee</span> <span class='ocrx_word' id='word_1_72' title='bbox 981 1912 1142 1996; x_wconf 80' lang='lat' dir='ltr'>praescios</span> <span class='ocrx_word' id='word_1_73' title='bbox 1164 1912 1286 1979; x_wconf 85' lang='lat' dir='ltr'>Auerni</span> 
     </span>
     <span class='ocr_line' id='line_1_15' title="bbox 652 2016 1207 2103; baseline 0.004 -21"><span class='ocrx_word' id='word_1_74' title='bbox 652 2016 779 2083; x_wconf 78' lang='lat' dir='ltr'>Aeneas</span> <span class='ocrx_word' id='word_1_75' title='bbox 801 2017 895 2083; x_wconf 85' lang='lat' dir='ltr'>auide</span> <span class='ocrx_word' id='word_1_76' title='bbox 918 2018 1027 2083; x_wconf 87' lang='lat' dir='ltr'>futura</span> <span class='ocrx_word' id='word_1_77' title='bbox 1051 2040 1207 2103; x_wconf 87' lang='lat' dir='ltr'>quaerens</span> 
     </span>
     <span class='ocr_line' id='line_1_16' title="bbox 652 2125 1225 2211; baseline 0.003 -21"><span class='ocrx_word' id='word_1_78' title='bbox 652 2125 742 2190; x_wconf 87' lang='lat' dir='ltr'>lueos</span> <span class='ocrx_word' id='word_1_79' title='bbox 766 2129 799 2189; x_wconf 89' lang='lat' dir='ltr'>et</span> <span class='ocrx_word' id='word_1_80' title='bbox 821 2125 1005 2210; x_wconf 87' lang='lat' dir='ltr'>penetrauit</span> <span class='ocrx_word' id='word_1_81' title='bbox 1029 2129 1062 2190; x_wconf 92' lang='lat' dir='ltr'>et</span> <span class='ocrx_word' id='word_1_82' title='bbox 1083 2125 1225 2211; x_wconf 84' lang='lat' dir='ltr'>reliquit</span> 
     </span>
     <span class='ocr_line' id='line_1_17' title="bbox 653 2231 1337 2319; baseline 0.003 -21"><span class='ocrx_word' id='word_1_83' title='bbox 653 2232 706 2298; x_wconf 85' lang='lat' dir='ltr'>ln&#39;o</span> <span class='ocrx_word' id='word_1_84' title='bbox 728 2231 801 2317; x_wconf 88' lang='lat' dir='ltr'>paoi</span> <span class='ocrx_word' id='word_1_85' title='bbox 825 2231 943 2316; x_wconf 87' lang='lat' dir='ltr'>bonus,</span> <span class='ocrx_word' id='word_1_86' title='bbox 966 2231 1019 2297; x_wconf 86' lang='lat' dir='ltr'>ln&#39;o</span> <span class='ocrx_word' id='word_1_87' title='bbox 1042 2232 1203 2300; x_wconf 88' lang='lat' dir='ltr'>timendus</span> <span class='ocrx_word' id='word_1_88' title='bbox 1225 2235 1337 2319; x_wconf 85' lang='lat' dir='ltr'>armis,</span> 
     </span>
     <span class='ocr_line' id='line_1_18' title="bbox 653 2338 1181 2426; baseline -0.002 -19"><span class='ocrx_word' id='word_1_89' title='bbox 653 2339 779 2407; x_wconf 84' lang='lat' dir='ltr'>Natura</span> <span class='ocrx_word' id='word_1_90' title='bbox 801 2339 916 2405; x_wconf 89' lang='lat' dir='ltr'>melior</span> <span class='ocrx_word' id='word_1_91' title='bbox 938 2338 1181 2426; x_wconf 88' lang='lat' dir='ltr'>potentiorque:</span> 
     </span>
     <span class='ocr_line' id='line_1_19' title="bbox 653 2446 1259 2535; baseline 0.002 -23"><span class='ocrx_word' id='word_1_92' title='bbox 653 2446 757 2516; x_wconf 73' lang='lat' dir='ltr'>hiasi</span> <span class='ocrx_word' id='word_1_93' title='bbox 780 2446 999 2533; x_wconf 82' lang='lat' dir='ltr'>flammigeros</span> <span class='ocrx_word' id='word_1_94' title='bbox 1021 2450 1146 2513; x_wconf 88' lang='lat' dir='ltr'>teneret</span> <span class='ocrx_word' id='word_1_95' title='bbox 1169 2470 1259 2535; x_wconf 82' lang='lat' dir='ltr'>axes,</span> 
     </span>
     <span class='ocr_line' id='line_1_20' title="bbox 653 2552 1239 2642; baseline 0 -22"><span class='ocrx_word' id='word_1_96' title='bbox 653 2554 766 2642; x_wconf 86' lang='lat' dir='ltr'>largis,</span> <span class='ocrx_word' id='word_1_97' title='bbox 788 2552 892 2636; x_wconf 82' lang='lat' dir='ltr'>India,</span> <span class='ocrx_word' id='word_1_98' title='bbox 915 2553 1061 2619; x_wconf 89' lang='lat' dir='ltr'>nubibus</span> <span class='ocrx_word' id='word_1_99' title='bbox 1082 2554 1239 2641; x_wconf 77' lang='lat' dir='ltr'>madores,</span> 
     </span>
     <span class='ocr_line' id='line_1_21' title="bbox 653 2660 1251 2746; baseline 0.002 -19"><span class='ocrx_word' id='word_1_100' title='bbox 653 2661 789 2727; x_wconf 86' lang='lat' dir='ltr'>undaret</span> <span class='ocrx_word' id='word_1_101' title='bbox 811 2660 928 2746; x_wconf 84' lang='lat' dir='ltr'>Libye,</span> <span class='ocrx_word' id='word_1_102' title='bbox 952 2665 1078 2746; x_wconf 90' lang='lat' dir='ltr'>teperet</span> <span class='ocrx_word' id='word_1_103' title='bbox 1101 2661 1251 2728; x_wconf 78' lang='lat' dir='ltr'>Haemus.</span> 
     </span>
     <span class='ocr_line' id='line_1_22' title="bbox 654 2766 1401 2856; baseline 0.001 -21"><span class='ocrx_word' id='word_1_104' title='bbox 654 2770 757 2854; x_wconf 86' lang='lat' dir='ltr'>salue,</span> <span class='ocrx_word' id='word_1_105' title='bbox 780 2768 844 2834; x_wconf 81' lang='lat' dir='ltr'>dux</span> <span class='ocrx_word' id='word_1_106' title='bbox 867 2766 1035 2833; x_wconf 87' lang='lat' dir='ltr'>hominum</span> <span class='ocrx_word' id='word_1_107' title='bbox 1058 2772 1092 2834; x_wconf 87' lang='lat' dir='ltr'>et</span> <span class='ocrx_word' id='word_1_108' title='bbox 1114 2791 1231 2853; x_wconf 90' lang='lat' dir='ltr'>parens</span> <span class='ocrx_word' id='word_1_109' title='bbox 1255 2769 1401 2856; x_wconf 88' lang='lat' dir='ltr'>deorum,</span> 
     </span>
     <span class='ocr_line' id='line_1_23' title="bbox 652 2875 1330 2964; baseline 0 -22"><span class='ocrx_word' id='word_1_110' title='bbox 652 2876 820 2964; x_wconf 89' lang='lat' dir='ltr'>prouisum</span> <span class='ocrx_word' id='word_1_111' title='bbox 841 2875 922 2941; x_wconf 90' lang='lat' dir='ltr'>mihi</span> <span class='ocrx_word' id='word_1_112' title='bbox 945 2875 1173 2961; x_wconf 80' lang='lat' dir='ltr'>conditumque</span> <span class='ocrx_word' id='word_1_113' title='bbox 1196 2899 1330 2964; x_wconf 88' lang='lat' dir='ltr'>numen,</span> 
     </span>
     <span class='ocr_line' id='line_1_24' title="bbox 653 2983 1272 3068; baseline 0 -18"><span class='ocrx_word' id='word_1_114' title='bbox 653 3007 712 3051; x_wconf 88' lang='lat' dir='ltr'>neo</span> <span class='ocrx_word' id='word_1_115' title='bbox 735 2983 800 3049; x_wconf 86' lang='lat' dir='ltr'>iam</span> <span class='ocrx_word' id='word_1_116' title='bbox 822 2983 975 3068; x_wconf 90' lang='lat' dir='ltr'>putribus</span> <span class='ocrx_word' id='word_1_117' title='bbox 998 2984 1129 3049; x_wconf 83' lang='lat' dir='ltr'>euoluta</span> <span class='ocrx_word' id='word_1_118' title='bbox 1151 2983 1272 3050; x_wconf 87' lang='lat' dir='ltr'>obartis</span> 
     </span>
     <span class='ocr_line' id='line_1_25' title="bbox 594 3089 1294 3176; baseline -0.007 -14"><span class='ocrx_word' id='word_1_119' title='bbox 594 3147 601 3162; x_wconf 91' lang='lat'><em>.</em></span> <span class='ocrx_word' id='word_1_120' title='bbox 654 3090 802 3158; x_wconf 81' lang='lat' dir='ltr'>sollemni</span> <span class='ocrx_word' id='word_1_121' title='bbox 825 3111 920 3175; x_wconf 83' lang='lat' dir='ltr'>praee</span> <span class='ocrx_word' id='word_1_122' title='bbox 943 3089 1125 3176; x_wconf 80' lang='lat' dir='ltr'>quindecim</span> <span class='ocrx_word' id='word_1_123' title='bbox 1148 3091 1294 3157; x_wconf 88' lang='lat' dir='ltr'>uirorum</span> 
     </span>
     <span class='ocr_line' id='line_1_26' title="bbox 655 3197 1300 3284; baseline 0 -20"><span class='ocrx_word' id='word_1_124' title='bbox 655 3198 816 3284; x_wconf 85' lang='lat' dir='ltr'>perlustra</span> <span class='ocrx_word' id='word_1_125' title='bbox 838 3219 910 3262; x_wconf 89' lang='lat' dir='ltr'>maa</span> <span class='ocrx_word' id='word_1_126' title='bbox 933 3197 1031 3284; x_wconf 84' lang='lat' dir='ltr'>diota,</span> <span class='ocrx_word' id='word_1_127' title='bbox 1054 3197 1109 3263; x_wconf 89' lang='lat' dir='ltr'>sed</span> <span class='ocrx_word' id='word_1_128' title='bbox 1133 3203 1300 3264; x_wconf 77' lang='lat' dir='ltr'>canentem</span> 
     </span>
     <span class='ocr_line' id='line_1_27' title="bbox 653 3305 1305 3392; baseline 0 -21"><span class='ocrx_word' id='word_1_129' title='bbox 653 3307 757 3392; x_wconf 81' lang='lat' dir='ltr'>ipsam</span> <span class='ocrx_word' id='word_1_130' title='bbox 780 3305 972 3390; x_wconf 86' lang='lat' dir='ltr'>eomminns,</span> <span class='ocrx_word' id='word_1_131' title='bbox 995 3309 1032 3370; x_wconf 92' lang='lat' dir='ltr'>ut</span> <span class='ocrx_word' id='word_1_132' title='bbox 1054 3305 1199 3391; x_wconf 87' lang='lat' dir='ltr'>mereris,</span> <span class='ocrx_word' id='word_1_133' title='bbox 1223 3305 1305 3371; x_wconf 88' lang='lat' dir='ltr'>audi.</span> 
     </span>
     <span class='ocr_line' id='line_1_28' title="bbox 653 3411 1257 3498; baseline -0.005 -19"><span class='ocrx_word' id='word_1_134' title='bbox 653 3413 728 3490; x_wconf 77' lang='lat' dir='ltr'>audi</span> <span class='ocrx_word' id='word_1_135' title='bbox 752 3433 848 3498; x_wconf 86' lang='lat' dir='ltr'>quam</span> <span class='ocrx_word' id='word_1_136' title='bbox 872 3411 986 3477; x_wconf 89' lang='lat' dir='ltr'>seriem</span> <span class='ocrx_word' id='word_1_137' title='bbox 1010 3412 1163 3477; x_wconf 87' lang='lat' dir='ltr'>merentis</span> <span class='ocrx_word' id='word_1_138' title='bbox 1185 3412 1257 3477; x_wconf 88' lang='lat' dir='ltr'>aeni</span> 
     </span>
     <span class='ocr_line' id='line_1_29' title="bbox 654 3518 1269 3606; baseline -0.003 -20"><span class='ocrx_word' id='word_1_139' title='bbox 654 3523 847 3606; x_wconf 74' lang='lat' dir='ltr'>pronectant</span> <span class='ocrx_word' id='word_1_140' title='bbox 868 3519 933 3584; x_wconf 90' lang='lat' dir='ltr'>tibi</span> <span class='ocrx_word' id='word_1_141' title='bbox 956 3518 1108 3584; x_wconf 84' lang='lat' dir='ltr'>oandidae</span> <span class='ocrx_word' id='word_1_142' title='bbox 1131 3539 1269 3584; x_wconf 86' lang='lat' dir='ltr'>sorores:</span> 
     </span>
     <span class='ocr_line' id='line_1_30' title="bbox 653 3624 1315 3715; baseline -0.003 -22"><span class='ocrx_word' id='word_1_143' title='bbox 653 3649 791 3715; x_wconf 77' lang='lat' dir='ltr'>magnus</span> <span class='ocrx_word' id='word_1_144' title='bbox 814 3632 847 3692; x_wconf 87' lang='lat' dir='ltr'>te</span> <span class='ocrx_word' id='word_1_145' title='bbox 870 3630 979 3691; x_wconf 87' lang='lat' dir='ltr'>manet</span> <span class='ocrx_word' id='word_1_146' title='bbox 1002 3624 1080 3691; x_wconf 90' lang='lat' dir='ltr'>ordo</span> <span class='ocrx_word' id='word_1_147' title='bbox 1103 3625 1315 3710; x_wconf 80' lang='lat' dir='ltr'>saeculorum,</span> 
     </span>
     <span class='ocr_line' id='line_1_31' title="bbox 654 3732 1194 3821; baseline -0.006 -21"><span class='ocrx_word' id='word_1_148' title='bbox 654 3735 739 3800; x_wconf 87' lang='lat' dir='ltr'>natis</span> <span class='ocrx_word' id='word_1_149' title='bbox 761 3733 890 3821; x_wconf 80' lang='lat' dir='ltr'>longior</span> <span class='ocrx_word' id='word_1_150' title='bbox 912 3732 1194 3819; x_wconf 86' lang='lat' dir='ltr'>abnepotibusque</span> 
     </span>
     <span class='ocr_line' id='line_1_32' title="bbox 654 3839 1223 3928; baseline -0.007 -20"><span class='ocrx_word' id='word_1_151' title='bbox 654 3865 755 3908; x_wconf 86' lang='lat' dir='ltr'>annos</span> <span class='ocrx_word' id='word_1_152' title='bbox 778 3845 937 3927; x_wconf 89' lang='lat' dir='ltr'>perpetua</span> <span class='ocrx_word' id='word_1_153' title='bbox 962 3861 1055 3928; x_wconf 83' lang='lat' dir='ltr'>geres</span> <span class='ocrx_word' id='word_1_154' title='bbox 1078 3839 1223 3928; x_wconf 82' lang='lat' dir='ltr'>iuuenta,</span> 
     </span>
     <span class='ocr_line' id='line_1_33' title="bbox 655 3946 1341 4036; baseline -0.006 -20"><span class='ocrx_word' id='word_1_155' title='bbox 655 3973 736 4036; x_wconf 89' lang='lat' dir='ltr'>quos</span> <span class='ocrx_word' id='word_1_156' title='bbox 758 3950 861 4014; x_wconf 86' lang='lat' dir='ltr'>fertur</span> <span class='ocrx_word' id='word_1_157' title='bbox 883 3947 1027 4033; x_wconf 76' lang='lat' dir='ltr'>placidos</span> <span class='ocrx_word' id='word_1_158' title='bbox 1050 3947 1154 4013; x_wconf 83' lang='lat' dir='ltr'>edisse</span> <span class='ocrx_word' id='word_1_159' title='bbox 1176 3946 1309 4032; x_wconf 88' lang='lat' dir='ltr'>Nestor,</span> <span class='ocrx_word' id='word_1_160' title='bbox 1339 3977 1341 3982; x_wconf 95' lang='lat'>·</span> 
     </span>
     <span class='ocr_line' id='line_1_34' title="bbox 656 4055 1274 4143; baseline -0.005 -20"><span class='ocrx_word' id='word_1_161' title='bbox 656 4079 737 4143; x_wconf 88' lang='lat' dir='ltr'>quos</span> <span class='ocrx_word' id='word_1_162' title='bbox 760 4055 913 4122; x_wconf 87' lang='lat' dir='ltr'>Tithonia</span> <span class='ocrx_word' id='word_1_163' title='bbox 935 4059 1103 4140; x_wconf 82' lang='lat' dir='ltr'>computat</span> <span class='ocrx_word' id='word_1_164' title='bbox 1126 4059 1274 4120; x_wconf 80' lang='lat' dir='ltr'>senectus</span> 
     </span>
     <span class='ocr_line' id='line_1_35' title="bbox 654 4161 1253 4250; baseline -0.005 -21"><span class='ocrx_word' id='word_1_165' title='bbox 654 4168 687 4230; x_wconf 88' lang='lat' dir='ltr'>et</span> <span class='ocrx_word' id='word_1_166' title='bbox 712 4167 849 4249; x_wconf 86' lang='lat' dir='ltr'>quantos</span> <span class='ocrx_word' id='word_1_167' title='bbox 873 4185 934 4250; x_wconf 88' lang='lat' dir='ltr'>ego</span> <span class='ocrx_word' id='word_1_168' title='bbox 957 4161 1086 4228; x_wconf 89' lang='lat' dir='ltr'>Delium</span> <span class='ocrx_word' id='word_1_169' title='bbox 1110 4161 1253 4246; x_wconf 79' lang='lat' dir='ltr'>poposci.</span> 
     </span>
     <span class='ocr_line' id='line_1_36' title="bbox 657 4268 1246 4353; baseline -0.005 -16"><span class='ocrx_word' id='word_1_170' title='bbox 657 4271 777 4337; x_wconf 88' lang='lat' dir='ltr'>iurauit</span> <span class='ocrx_word' id='word_1_171' title='bbox 801 4270 863 4335; x_wconf 90' lang='lat' dir='ltr'>tibi</span> <span class='ocrx_word' id='word_1_172' title='bbox 887 4269 951 4334; x_wconf 87' lang='lat' dir='ltr'>iam</span> <span class='ocrx_word' id='word_1_173' title='bbox 973 4269 1091 4335; x_wconf 87' lang='lat' dir='ltr'>niualis</span> <span class='ocrx_word' id='word_1_174' title='bbox 1115 4268 1246 4353; x_wconf 75' lang='lat' dir='ltr'>ArotuS,</span> 
     </span>
     <span class='ocr_line' id='line_1_37' title="bbox 656 4375 1438 4470; baseline -0.001 -26"><span class='ocrx_word' id='word_1_175' title='bbox 656 4400 742 4445; x_wconf 91' lang='lat' dir='ltr'>nuno</span> <span class='ocrx_word' id='word_1_176' title='bbox 764 4399 900 4465; x_wconf 78' lang='lat' dir='ltr'>magnos</span> <span class='ocrx_word' id='word_1_177' title='bbox 918 4375 1033 4443; x_wconf 87' lang='lat' dir='ltr'>Oriens</span> <span class='ocrx_word' id='word_1_178' title='bbox 1057 4376 1148 4442; x_wconf 87' lang='lat' dir='ltr'>dabit</span> <span class='ocrx_word' id='word_1_179' title='bbox 1171 4376 1365 4463; x_wconf 89' lang='lat' dir='ltr'>triumphos:</span> <span class='ocrx_word' id='word_1_180' title='bbox 1434 4459 1438 4470; x_wconf 30' lang='lat'><strong>¹</strong></span> 
     </span>
    </p>
   </div>
   <div class='ocr_carea' id='block_1_3' title="bbox 357 4569 1685 4733">
    <p class='ocr_par' dir='ltr' id='par_1_3' title="bbox 357 4569 1685 4733">
     <span class='ocr_line' id='line_1_38' title="bbox 447 4569 1685 4644; baseline -0.005 -12"><span class='ocrx_word' id='word_1_181' title='bbox 447 4582 497 4632; x_wconf 79' lang='lat'>125</span> <span class='ocrx_word' id='word_1_182' title='bbox 515 4576 623 4644; x_wconf 77' lang='lat' dir='ltr'>fanete3</span> <span class='ocrx_word' id='word_1_183' title='bbox 645 4591 744 4631; x_wconf 69' lang='lat' dir='ltr'>como</span> <span class='ocrx_word' id='word_1_184' title='bbox 770 4605 805 4614; x_wconf 93' lang='lat'><em>-</em></span> <span class='ocrx_word' id='word_1_185' title='bbox 834 4578 885 4628; x_wconf 83' lang='grc'>140</span> <span class='ocrx_word' id='word_1_186' title='bbox 904 4571 1102 4643; x_wconf 78' lang='lat' dir='ltr'>cognitumque</span> <span class='ocrx_word' id='word_1_187' title='bbox 1121 4587 1223 4626; x_wconf 90' lang='lat' dir='ltr'>numen</span> <span class='ocrx_word' id='word_1_188' title='bbox 1242 4590 1256 4624; x_wconf 86' lang='lat' dir='ltr'>o</span> <span class='ocrx_word' id='word_1_189' title='bbox 1283 4603 1316 4611; x_wconf 96' lang='lat'>-</span> <span class='ocrx_word' id='word_1_190' title='bbox 1347 4575 1398 4626; x_wconf 77' lang='grc'>146</span> <span class='ocrx_word' id='word_1_191' title='bbox 1417 4569 1476 4626; x_wconf 84' lang='lat' dir='ltr'>uidi</span> <span class='ocrx_word' id='word_1_192' title='bbox 1495 4587 1593 4640; x_wconf 70' lang='lat' dir='ltr'>quarm</span> <span class='ocrx_word' id='word_1_193' title='bbox 1617 4587 1685 4628; x_wconf 83' lang='lat' dir='ltr'>oorr.</span> 
     </span>
     <span class='ocr_line' id='line_1_39' title="bbox 357 4659 1685 4733; baseline -0.009 -9"><span class='ocrx_word' id='word_1_194' title='bbox 357 4667 491 4724; x_wconf 78' lang='lat' dir='ltr'>Heinsius</span> <span class='ocrx_word' id='word_1_195' title='bbox 505 4698 538 4707; x_wconf 96' lang='lat'>-</span> <span class='ocrx_word' id='word_1_196' title='bbox 559 4664 657 4731; x_wconf 86' lang='lat' dir='ltr'>series;</span> <span class='ocrx_word' id='word_1_197' title='bbox 675 4680 743 4720; x_wconf 81' lang='lat' dir='ltr'>corr.</span> <span class='ocrx_word' id='word_1_198' title='bbox 758 4668 800 4717; x_wconf 81' lang='lat' dir='ltr'>Be</span> <span class='ocrx_word' id='word_1_199' title='bbox 814 4695 849 4704; x_wconf 93' lang='lat'>-</span> <span class='ocrx_word' id='word_1_200' title='bbox 869 4667 920 4717; x_wconf 82' lang='lat'>150</span> <span class='ocrx_word' id='word_1_201' title='bbox 937 4661 1067 4733; x_wconf 77' lang='lat' dir='ltr'>placidus</span> <span class='ocrx_word' id='word_1_202' title='bbox 1086 4659 1194 4716; x_wconf 85' lang='lat' dir='ltr'>subisse</span> <span class='ocrx_word' id='word_1_203' title='bbox 1209 4659 1344 4716; x_wconf 75' lang='lat' dir='ltr'>Heinsius</span> <span class='ocrx_word' id='word_1_204' title='bbox 1369 4659 1497 4730; x_wconf 81' lang='lat' dir='ltr'>placidos</span> <span class='ocrx_word' id='word_1_205' title='bbox 1515 4659 1608 4716; x_wconf 86' lang='lat' dir='ltr'>obisse</span> <span class='ocrx_word' id='word_1_206' title='bbox 1624 4678 1637 4713; x_wconf 86' lang='lat' dir='ltr'>o</span> <span class='ocrx_word' id='word_1_207' title='bbox 1651 4691 1685 4702; x_wconf 91' lang='lat'>-</span> 
     </span>
    </p>
   </div>
   <div class='ocr_carea' id='block_1_4' title="bbox 356 4835 1686 5006">
    <p class='ocr_par' dir='ltr' id='par_1_4' title="bbox 356 4835 1686 5006">
     <span class='ocr_line' id='line_1_40' title="bbox 446 4835 1686 4914; baseline -0.005 -17"><span class='ocrx_word' id='word_1_208' title='bbox 446 4849 496 4898; x_wconf 76' lang='lat'>122</span> <span class='ocrx_word' id='word_1_209' title='bbox 515 4843 598 4914; x_wconf 80' lang='lat' dir='ltr'>Verg.</span> <span class='ocrx_word' id='word_1_210' title='bbox 613 4843 646 4898; x_wconf 82' lang='lat' dir='ltr'>A.</span> <span class='ocrx_word' id='word_1_211' title='bbox 661 4841 700 4898; x_wconf 81' lang='lat' dir='ltr'>Vl</span> <span class='ocrx_word' id='word_1_212' title='bbox 715 4847 747 4896; x_wconf 76' lang='lat'>77</span> <span class='ocrx_word' id='word_1_213' title='bbox 772 4840 902 4897; x_wconf 85' lang='lat' dir='ltr'>immanis</span> <span class='ocrx_word' id='word_1_214' title='bbox 916 4841 947 4896; x_wconf 93' lang='lat' dir='ltr'>in</span> <span class='ocrx_word' id='word_1_215' title='bbox 961 4843 1042 4895; x_wconf 81' lang='lat' dir='ltr'>antro</span> <span class='ocrx_word' id='word_1_216' title='bbox 1055 4839 1211 4895; x_wconf 84' lang='lat' dir='ltr'>baechatur</span> <span class='ocrx_word' id='word_1_217' title='bbox 1224 4840 1305 4893; x_wconf 86' lang='lat' dir='ltr'>uates</span> <span class='ocrx_word' id='word_1_218' title='bbox 1320 4870 1354 4879; x_wconf 90' lang='lat'>-</span> <span class='ocrx_word' id='word_1_219' title='bbox 1372 4843 1422 4892; x_wconf 77' lang='lat'>126</span> <span class='ocrx_word' id='word_1_220' title='bbox 1437 4837 1540 4893; x_wconf 86' lang='lat' dir='ltr'>Luean.</span> <span class='ocrx_word' id='word_1_221' title='bbox 1555 4835 1620 4892; x_wconf 89' lang='lat' dir='ltr'>Vlll</span> <span class='ocrx_word' id='word_1_222' title='bbox 1633 4840 1686 4893; x_wconf 81' lang='grc'>830</span> 
     </span>
     <span class='ocr_line' id='line_1_41' title="bbox 356 4927 1509 5006; baseline -0.003 -20"><span class='ocrx_word' id='word_1_223' title='bbox 356 4933 452 5006; x_wconf 85' lang='lat' dir='ltr'>putres</span> <span class='ocrx_word' id='word_1_224' title='bbox 472 4931 591 4988; x_wconf 80' lang='lat' dir='ltr'>herenas</span> <span class='ocrx_word' id='word_1_225' title='bbox 610 4963 645 4974; x_wconf 88' lang='lat'><em>-</em></span> <span class='ocrx_word' id='word_1_226' title='bbox 664 4938 715 4987; x_wconf 81' lang='grc'>145</span> <span class='ocrx_word' id='word_1_227' title='bbox 735 4929 783 4987; x_wconf 85' lang='lat' dir='ltr'>Sil.</span> <span class='ocrx_word' id='word_1_228' title='bbox 799 4931 832 4986; x_wconf 88' lang='lat' dir='ltr'>It.</span> <span class='ocrx_word' id='word_1_229' title='bbox 847 4931 886 4985; x_wconf 86' lang='lat'>111</span> <span class='ocrx_word' id='word_1_230' title='bbox 901 4935 953 4984; x_wconf 77' lang='lat'>630</span> <span class='ocrx_word' id='word_1_231' title='bbox 971 4929 1074 5001; x_wconf 86' lang='lat' dir='ltr'>pandit</span> <span class='ocrx_word' id='word_1_232' title='bbox 1091 4927 1191 4985; x_wconf 85' lang='lat' dir='ltr'>seriem</span> <span class='ocrx_word' id='word_1_233' title='bbox 1209 4927 1321 4983; x_wconf 87' lang='lat' dir='ltr'>uenturi</span> <span class='ocrx_word' id='word_1_234' title='bbox 1336 4927 1456 4984; x_wconf 84' lang='lat' dir='ltr'>..aeui</span> <span class='ocrx_word' id='word_1_235' title='bbox 1474 4959 1509 4969; x_wconf 94' lang='lat'>-</span> 
     </span>
    </p>
   </div>
   <div class='ocr_carea' id='block_1_5' title="bbox 0 0 1916 5558">
    <p class='ocr_par' dir='ltr' id='par_1_5' title="bbox 0 0 1916 5558">
     <span class='ocr_line' id='line_1_42' title="bbox 0 0 1916 5558; baseline 0 0"><span class='ocrx_word' id='word_1_236' title='bbox 0 0 1916 5558; x_wconf 95' lang='lat' dir='ltr'> </span> 
     </span>
    </p>
   </div>
  </div>
 </body>
</html>
