3820 5558
715 469 900 524 SleARVM
918 468 983 524 Ivs
1001 467 1066 524 lvo

882 739 903 804 9

591 855 660 952 Est
683 905 759 950 sana
783 883 871 949 iocus
895 881 970 968 iste,
993 881 1079 967 quod
1101 881 1250 949 libellum

529 989 647 1056 misisti
670 990 765 1078 mihi,
788 989 914 1077 Grypo,
937 1013 997 1075 pro
1019 989 1141 1055 libello.

530 1097 690 1164 urbanum
714 1103 822 1164 tamen
845 1098 907 1163 hoo
930 1099 1041 1182 potest
1064 1095 1181 1184 uideri,

530 1205 556 1270 si
580 1205 740 1290 posthoc
764 1204 886 1290 aliquid
909 1203 989 1269 mihi
1012 1203 1173 1288 remittcs3

528 1335 603 1379 nam
626 1311 653 1378 si
676 1312 800 1400 ludere,
823 1311 946 1398 Grype,
970 1333 1170 1398 perseueras,

527 1442 593 1485 non
616 1419 708 1486 ludis.
753 1419 844 1508 licet,
867 1442 953 1504 ecca,
976 1420 1213 1504 computemus!

526 1532 638 1594 noster
660 1549 844 1614 purpureus
866 1548 1035 1613 nouusque
1059 1526 1170 1592 charta

528 1638 561 1701 et
585 1635 671 1700 binis
694 1635 863 1701 decoratus
885 1633 1050 1701 umbilicis

528 1746 657 1828 praeter
679 1765 731 1808 me
754 1741 833 1807 mihi
857 1741 1005 1808 constitit
1029 1741 1183 1808 decussis:

528 1855 565 1916 tu
588 1871 698 1915 rosum
721 1849 818 1915 tineis
841 1849 970 1934 situque
994 1853 1137 1935 putrem,

529 1957 640 2042 qualos
663 1960 720 2023 aut
741 1956 876 2042 Libycis
899 1956 1029 2022 madent
1052 1956 1147 2022 oliuis

528 2069 584 2131 aut
607 2068 661 2130 tus
683 2063 846 2131 Niliacum
869 2063 1004 2150 piperno
1028 2068 1158 2130 seruant

528 2177 585 2238 aut
607 2170 821 2257 Byzantiacos
844 2172 954 2238 colunt
976 2171 1128 2258 lacertos,

528 2301 588 2346 neo
611 2279 726 2346 saltem
749 2284 806 2344 tua
828 2279 914 2345 dicta
937 2279 1169 2365 continentem,

529 2409 611 2472 quac
634 2386 721 2453 trino
744 2387 872 2452 iuuenis
895 2388 966 2452 foro
989 2387 1126 2453 tonabas

529 2498 585 2560 aut
608 2497 738 2560 centum
761 2517 865 2579 prope
889 2493 1024 2578 iudices,
1047 2493 1233 2579 priusquam

528 2604 561 2666 tc
585 2599 793 2668 Germanicus
817 2600 976 2666 arbitrum
999 2599 1148 2685 sequenti

529 2731 675 2775 annonae
698 2707 786 2773 dedit
809 2708 1017 2793 omniumque
1039 2708 1105 2773 lato

529 2815 687 2903 pracfecit
708 2815 905 2881 stationibus
928 2815 1068 2899 uiarum,
1090 2853 1134 2864 -

528 2924 585 2990 sed
605 2923 699 2990 Bruti
723 2923 809 2990 senis
832 2922 1052 3010 oscitationes,

530 3033 569 3097 ds
591 3054 689 3117 capsa
711 3031 820 3097 miseri
843 3029 1020 3096 libellionis

530 3144 677 3224 emptum
700 3139 774 3224 plus
798 3137 905 3204 minus
927 3160 997 3203 asso
1021 3136 1156 3221 Gaiano,

529 3247 637 3314 donas.
683 3268 784 3332 usque
808 3246 929 3312 adeone
952 3245 1124 3312 defuerunt

529 3354 630 3421 cassis
652 3352 751 3440 pillea
774 3357 847 3420 suta
870 3352 909 3418 de
932 3353 1068 3419 lacernis

529 3462 583 3527 uel
605 3461 759 3526 mantelia
781 3460 945 3528 luridaeuc
968 3483 1107 3546 mappae

529 3569 659 3634 chartae
682 3567 902 3634 Thebaicaeue
927 3567 1121 3634 Caricaeue‘i

528 3697 688 3762 nusquam
711 3674 842 3740 turbine
866 3674 1015 3741 conditus
1038 3675 1144 3741 ruenti

528 3805 707 3868 primorum
730 3782 850 3870 globus
873 3786 970 3868 atquc
994 3783 1219 3848 cottanorum?

529 3912 594 3955 non
617 3889 779 3976 ellychnia
801 3890 898 3976 sicca,
920 3912 986 3957 non
1009 3890 1164 3976 replictae

529 3997 704 4063 bulborum
728 3997 877 4064 tunicae?
913 4019 972 4063 nso
994 4019 1057 4063 oua
1079 4002 1220 4084 tantum,

529 4126 589 4170 nec
611 4104 700 4170 lones
722 4104 845 4170 halicae
868 4127 928 4170 nac
950 4127 1101 4190 asperum
1125 4106 1195 4170 far?

528 4233 688 4298 nusquam
711 4210 882 4298 Cinyphiis
905 4216 1024 4300 uagata
1046 4211 1169 4298 campis

529 4341 700 4384 curuarum
723 4318 837 4386 domus
860 4319 923 4386 uda
945 4319 1146 4386 coclearum?

319 4483 439 4490 ,ᾳ-

316 4584 648 4655 ellendccasyllabi
672 4583 779 4640 iocosi
801 4585 843 4640 ad
861 4584 1011 4641 Plotium
1030 4585 1176 4656 Grypum
1199 4618 1232 4626 -
1260 4592 1277 4640 4
1299 4585 1322 4640 si
1342 4587 1460 4656 posthac
1478 4587 1557 4642 aliud

229 4673 298 4728 mihi
317 4673 442 4730 remittes
461 4675 596 4732 Heinsius
618 4705 652 4715 -
681 4680 697 4730 9
721 4673 833 4730 decussi
853 4675 996 4731 Turnebus
1013 4707 1048 4716 -
1072 4681 1106 4730 13
1132 4674 1209 4730 olant
1227 4675 1347 4731 lacertos
1365 4677 1499 4732 Heinsius
1525 4709 1558 4718 -

230 4767 262 4816 21
283 4763 441 4820 libelliones
459 4765 551 4834 (etium
565 4765 625 4834 A‘);
644 4780 713 4820 conr.
728 4783 745 4818 a
765 4797 796 4805 -
821 4770 855 4819 24
879 4763 973 4820 scissis
995 4763 1084 4835 pillea
1102 4765 1237 4821 Heinsius
1259 4797 1294 4807 -
1322 4765 1398 4820 sicca
1419 4767 1466 4822 scd
1484 4767 1515 4822 in
1532 4773 1560 4820 Ι

230 4853 271 4908 itu
287 4855 432 4924 scriptum,
455 4859 486 4910 ut
502 4871 590 4926 punse
607 4855 644 4910 sit
663 4855 728 4909 suta
746 4861 796 4911 out
815 4853 899 4923 sicta3
927 4853 1015 4910 cassis
1034 4861 1060 4911 ct
1077 4856 1156 4910 sacta
1175 4855 1281 4912 Pauor
1299 4887 1333 4896 -
1352 4861 1387 4912 30
1405 4855 1558 4928 bullorum3

230 4957 326 4998 coras
344 4975 378 4985 -
