3820 5558
836 433 867 490 P.
886 431 1023 490 Pafum
1041 431 1160 488 sanun

543 620 657 684 pacem
678 597 804 664 auferre
827 596 930 684 rogis3
952 596 1008 662 sed
1031 599 1077 679 te,
1100 617 1182 681 puer
1205 593 1342 682 optime,
1365 616 1459 660 cerno

543 706 727 772 flectentem
749 703 845 771 iustis
868 709 901 770 et
924 703 1003 770 talia
1024 703 1111 769 dicta
1133 707 1315 789 parantem:

544 814 661 899 ‘parce
679 835 802 899 precor,
821 803 934 897 cineri3
953 813 1056 878 fatum
1075 810 1157 876 illud
1175 815 1208 876 et
1226 810 1274 876 ira
1291 816 1465 877 nocentum

543 919 716 986 Parcarum
739 920 924 1005 crimenque
947 917 1012 1004 dei,
1035 917 1186 984 mortalia
1208 917 1355 1004 quisquis
1630 933 1664 982 ss

544 1031 677 1114 pectem
699 1049 770 1093 sero
794 1026 884 1092 uidet
906 1047 966 1092 nec
989 1025 1095 1112 primo
1118 1025 1153 1090 in
1174 1024 1286 1090 limine
1309 1025 1397 1092 sistit

544 1139 679 1201 conatus
702 1133 859 1200 scelerum
882 1137 979 1218 atque
1000 1132 1125 1198 animos
1148 1132 1279 1198 infanda
1301 1137 1461 1218 parantes.

546 1242 673 1308 excidat
694 1241 751 1307 illa
774 1241 842 1307 dies
865 1263 945 1307 aeuo
968 1261 1027 1306 nec
1050 1243 1182 1326 postera
1204 1240 1336 1306 credant

546 1349 685 1416 saecula!
721 1371 782 1416 nos
804 1351 891 1414 certe
914 1352 1077 1414 taceamus
1100 1351 1133 1412 et
1156 1347 1274 1413 obruta
1296 1347 1400 1414 multa

546 1460 641 1524 nocte
664 1457 732 1545 tegi
756 1455 907 1542 propriae
931 1455 1093 1541 patiamur
1116 1453 1251 1520 crimina
1273 1455 1388 1542 gentis.
1632 1472 1667 1520 so

546 1564 657 1652 exegit
679 1586 814 1652 poenas,
836 1563 1006 1629 bominum
1029 1561 1080 1628 cui
1103 1584 1181 1629 cura
1203 1584 1348 1649 suorum,

549 1695 612 1758 quo
635 1671 746 1738 Pietas
768 1674 899 1738 auctore
922 1669 1007 1736 redit
1029 1673 1196 1755 terrasque
1219 1669 1349 1756 reuisit,

547 1803 643 1867 quem
662 1779 757 1846 timet
775 1800 869 1844 omne
883 1779 982 1844 nefas.
1015 1777 1095 1844 satis
1113 1777 1192 1843 baec
1210 1777 1468 1862 lacrimandaque
1482 1776 1578 1843 nobis

547 1889 639 1955 ultio.
685 1887 764 1974 quin
786 1907 900 1952 saeuas
922 1885 1047 1952 utinam
1071 1907 1204 1951 exorare
1226 1884 1339 1951 liceret

546 1994 744 2062 Eumenidas
762 1992 957 2079 timidaeque
976 1996 1122 2058 auertere
1140 1991 1305 2060 Cerberon
1322 1993 1456 2059 umbrae
1633 2009 1666 2057 es

548 2105 832 2186 immemoremque
856 2099 922 2166 tuis
940 2100 1037 2166 citius
1059 2099 1134 2165 dare
1153 2100 1304 2167 manibus
1326 2099 1473 2166 amnem?

547 2215 652 2277 macte
670 2209 791 2296 animo,
810 2207 951 2294 iuuenis,
969 2207 1025 2274 sed
1044 2212 1192 2274 crescunt
1210 2207 1344 2274 crimina
1362 2207 1483 2274 matris.
1497 2247 1541 2256 -

548 2340 606 2384 uec
625 2321 752 2384 tantum
776 2316 894 2402 pietas,
917 2315 973 2382 sed
996 2315 1147 2400 protinus
1166 2315 1265 2381 ardua
1283 2315 1387 2382 uirtus

548 2427 697 2491 affectata
720 2423 791 2490 tibi.
837 2445 941 2508 nuper
963 2445 1036 2489 cum
1059 2423 1143 2489 forta
1166 2422 1292 2489 sodales

549 2532 729 2598 immeritae
752 2530 834 2597 falso
857 2530 1017 2616 pallerent
1040 2529 1172 2595 crimine
1196 2531 1300 2594 famae

549 2641 751 2727 erigeretque
774 2638 880 2704 forum
904 2636 1127 2722 succinctaque
1151 2637 1254 2703 iudice
1278 2637 1381 2704 multo

549 2752 696 2835 surgeret
720 2751 752 2813 et
775 2750 899 2813 castum
922 2746 1067 2812 uibraret
1090 2744 1173 2811 Iulia
1194 2746 1331 2812 fulmen:

549 2860 599 2942 tu,
618 2877 813 2940 quamquam
832 2876 896 2920 non
915 2857 990 2919 ante
1009 2853 1115 2919 forum
1133 2854 1287 2940 legesque
1306 2876 1435 2920 seueras

549 2985 677 3051 passus,
700 2962 756 3028 sed
779 2961 877 3028 tacita
900 2960 1081 3027 studiorum
1104 2961 1248 3027 occultus
1271 2961 1306 3026 in
1329 2962 1457 3047 umbra,

550 3070 714 3136 defensare
738 3073 844 3135 metus
866 3069 1063 3154 aduersaque
1086 3067 1152 3132 tela
1174 3067 1293 3133 subisti
1620 3086 1669 3134 106

550 3178 685 3264 pellere,
707 3175 840 3243 inermis
863 3175 967 3242 adhuc
990 3179 1023 3240 et
1045 3175 1123 3259 tiro,
1146 3175 1296 3261 pauentis
1319 3175 1421 3241 amici.

548 3285 635 3350 haud
658 3305 810 3368 umquam
833 3283 916 3348 talea
937 3283 1067 3368 aspexit
1089 3282 1247 3348 Romulus
1269 3305 1371 3350 annos

550 3391 796 3476 Dardaniusque
820 3413 917 3457 senex
940 3389 1039 3456 medii
1062 3389 1184 3456 bellare
1207 3393 1320 3477 togata

551 3504 660 3586 strage
683 3497 754 3564 fori.
799 3501 952 3583 stupuere
976 3499 1086 3583 patres
1109 3497 1324 3582 temptamina
1346 3501 1437 3564 tanta

551 3610 748 3690 conatusque
771 3609 845 3671 tuos
867 3627 927 3670 nec
949 3608 982 3670 te
1004 3627 1080 3670 rens
1102 3603 1171 3691 ipse
1195 3603 1340 3670 timebat.
1362 3643 1403 3652 ——
1620 3623 1671 3671 110

551 3737 611 3799 par
629 3712 723 3799 uigor
742 3717 775 3778 et
793 3711 947 3778 membris
967 3706 1201 3797 promptaeque
1220 3712 1260 3778 ad
1277 3712 1375 3778 fortia
1394 3711 1479 3778 uires

552 3821 719 3887 sufficiunt
741 3819 848 3885 animo
872 3824 969 3904 atque
993 3818 1139 3905 ingentia
1161 3819 1248 3885 iussa
1271 3823 1458 3904 sequuntur.

553 3929 623 4014 ipse
647 3950 708 4015 ego
731 3931 764 3992 te
787 3950 891 4012 nuper
914 3925 1066 3993 Tiberino
1090 3925 1241 3993 inlitora
1264 3927 1344 4011 uidi,

339 4074 552 4084 ——.—-—-—·

432 4164 465 4213 83
485 4157 642 4213 flectentem
661 4175 679 4212 a
697 4156 781 4212 iustis
799 4159 934 4214 Heinsius
962 4190 995 4199 -
1024 4163 1058 4212 84
1077 4157 1118 4213 ire
1135 4160 1298 4225 nocentum3
1321 4175 1423 4214 corno
1451 4190 1485 4198 -
1514 4163 1547 4214 88
1567 4159 1672 4215 excitat

340 4247 392 4302 illa
411 4247 456 4302 die
471 4264 570 4316 saeu03
589 4265 657 4304 corr.
673 4247 816 4304 Auectius
833 4281 867 4290 -
892 4254 925 4302 97
946 4246 986 4301 sic
1000 4250 1161 4302 crescente
1179 4280 1213 4288 -
1234 4251 1267 4301 99
1287 4247 1392 4302 sodalis
1410 4253 1436 4302 et
1455 4253 1506 4300 100
1525 4246 1673 4318 pallereto

340 4370 374 4379 -
396 4343 445 4391 103
460 4336 537 4408 leges
551 4353 677 4406 seueram
696 4355 764 4393 corr.
776 4337 886 4391 uma
900 4370 934 4379 -
956 4343 1006 4392 110
1025 4339 1101 4408 tuos,
1120 4355 1170 4412 pro
1185 4339 1213 4392 te
1228 4335 1415 4393 Marklaadru
1425 4369 1459 4376 -
1475 4343 1526 4391 113
1540 4336 1672 4394 Tiberino

341 4429 373 4481 ut
391 4425 474 4482 litore
493 4427 681 4482 Marklandua
700 4459 733 4467 —

506 4557 554 4564 -.

431 4647 465 4696 86
489 4643 524 4710 cf.
543 4657 635 4698 mmm.
655 4642 807 4698 061469
825 4673 859 4684 -
878 4643 982 4697 Lucan.
1001 4642 1093 4698 11106
1112 4641 1202 4715 primo
1220 4641 1250 4698 iu
1268 4639 1366 4696 limine
1384 4640 1462 4696 uitae
1481 4640 1548 4697 Siln.
1563 4640 1589 4695 V
1603 4647 1672 4698 979

341 4729 438 4786 limine
466 4731 556 4801 primo
584 4731 707 4786 fatorum
740 4763 773 4772 -
806 4737 840 4786 96
868 4731 937 4788 suu.
951 4732 977 4787 V
991 4737 1015 4788 9.
1027 4737 1060 4786 09
1089 4731 1134 4787 cui
1158 4774 1164 4787 .
1184 4775 1190 4787 .
1211 4773 1217 4786 .
1242 4730 1455 4786 Cerberus...
1479 4733 1606 4786 auertere
1639 4763 1673 4772 —

342 4825 375 4874 96
404 4819 452 4875 Sil.
472 4819 506 4876 It.
525 4818 589 4874 XVI
602 4824 656 4874 496
688 4819 789 4876 Lethea
813 4863 819 4877 .
845 4865 851 4878 .
876 4865 882 4878 .
905 4821 1062 4877 immemori
1089 4820 1201 4892 gurgite
1228 4821 1264 4888 ef.
1292 4820 1354 4876 Seu.
1373 4819 1453 4876 Herc.
1474 4821 1535 4876 Oet.
1555 4825 1606 4876 996
1638 4853 1672 4862 -

343 4913 376 4964 98
395 4908 497 4964 Lucan.
517 4909 556 4964 IV
570 4915 622 4965 696
641 4909 731 4965 ardua
749 4910 839 4966 nutus
858 4943 892 4952 —
912 4916 963 4966 119
981 4912 1017 4980 cf.
1036 4912 1074 4967 ad
1092 4910 1201 4966 11946
1219 4909 1303 4966 iussis
1321 4908 1483 4983 ingentibus
1502 4943 1535 4952 -
