3502 5430
775 351 807 405 P.
825 349 962 405 PhPlNII
980 349 1099 406 STATII

483 511 549 577 iam
571 516 604 577 te
628 511 746 577 blanda
768 512 841 578 sinu
864 512 964 598 Tyrio
986 513 1052 579 sibi
1076 511 1172 578 Curia
1194 513 1273 580 felix

484 621 597 685 educat
620 624 654 685 et
676 625 808 686 cunctas
830 619 949 707 gaudet
972 622 1131 706 spondere
1154 620 1289 686 curules.
1312 659 1357 667 —

571 727 651 792 haec
669 749 731 815 ego
750 725 941 794 Chalcidicis
960 728 1000 793 ad
1018 732 1065 815 te,
1083 729 1247 812 Marcelle,
1266 728 1420 794 sonabam

483 833 649 919 litoribus,
672 835 791 901 fractas
814 836 871 901 ubi
894 835 1034 902 Vesuius
1058 836 1154 923 erigit
1178 837 1242 901 iras

482 940 609 1006 aemula
630 941 805 1008 Trinacriis
827 942 963 1008 uoluens
985 943 1133 1008 incendia
1155 942 1302 1008 flammis.

482 1049 564 1114 mira
587 1049 679 1115 fides!
716 1048 865 1115 credetne
888 1049 994 1115 uirum
1016 1055 1154 1115 uentura
1177 1073 1337 1137 propago,

483 1178 556 1221 cum
574 1161 700 1244 segetes
720 1156 846 1242 iterum,
865 1178 939 1223 cum
957 1157 1022 1222 iam
1040 1157 1119 1222 haec
1138 1158 1264 1222 deserta
1283 1157 1445 1243 uirebunt

483 1262 567 1329 infra
590 1263 688 1329 urbes
711 1264 914 1350 populosque
938 1264 1043 1349 premi
1066 1264 1279 1349 proauitaque
1303 1267 1390 1329 tosto

484 1392 558 1436 rura
581 1370 700 1436 abiisse
723 1371 827 1438 mari?
862 1371 999 1437 necdum
1021 1370 1118 1437 letale
1141 1371 1257 1437 minari

396 1467 398 1470 ⁵
484 1481 588 1543 cessat
611 1500 703 1563 apex.
749 1479 862 1563 procul
885 1479 948 1545 ista
970 1483 1028 1545 tuo
1052 1479 1119 1544 sint
1141 1481 1209 1544 fata
1231 1478 1324 1543 Teati

483 1608 542 1652 nec
564 1585 765 1651 Marrucinos
787 1591 864 1673 agat
886 1586 966 1652 haec
988 1586 1113 1651 insania
1135 1591 1271 1651 montes.

571 1714 657 1757 nunc
680 1692 708 1757 si
731 1677 815 1758 forte
838 1693 919 1758 meis
943 1715 1025 1778 quae
1048 1693 1115 1759 sint
1137 1693 1269 1759 exordia
1291 1693 1392 1759 musis

487 1799 568 1864 seire
592 1799 691 1883 petis,
714 1799 779 1864 iarn
802 1798 952 1866 Sidonios
974 1823 1103 1867 emensa
1125 1800 1254 1867 labores

485 1906 626 1971 Thebais
650 1910 763 1991 optato
787 1907 920 1993 collegit
943 1909 1076 1973 carbasa
1099 1913 1198 1993 portu

484 2013 683 2098 Parnasique
706 2013 793 2101 iugis
816 2014 962 2098 silvaque
985 2014 1175 2081 Heliconide
1197 2015 1290 2080 festis

485 2125 558 2186 tura
581 2120 669 2186 dedit
692 2121 831 2186 flammis
853 2125 887 2186 et
909 2121 1047 2208 uirginis
1070 2127 1147 2187 exta
1168 2122 1323 2187 iuuencae

484 2227 686 2313 uotiferaque
709 2250 797 2292 meas
820 2228 990 2312 suspendit
1013 2229 1054 2293 ab
1078 2229 1194 2295 arbore
1217 2230 1326 2295 uittas.

484 2358 569 2401 nunc
592 2357 712 2400 uacuos
735 2335 839 2401 crines
862 2335 926 2400 alio
949 2335 1040 2401 subit
1063 2336 1166 2401 infula
1187 2359 1286 2402 nexu:

485 2443 582 2508 Troia
602 2441 732 2528 quidem
751 2465 951 2535 magnusque
970 2443 1049 2508 mihi
1070 2447 1250 2529 temptatur
1267 2445 1426 2529 Achillea,

486 2551 541 2614 sed
559 2554 655 2616 uocat
673 2551 854 2616 arcitenens
873 2550 936 2616 alio
956 2554 1049 2635 pater
1067 2572 1219 2636 armaque
1238 2556 1398 2618 monstrat

486 2655 624 2722 Ausonii
647 2657 769 2722 maiora
792 2657 889 2722 ducis.
936 2656 1037 2722 trahit
1059 2657 1202 2741 impetus
1224 2658 1282 2726 illo

488 2765 552 2829 iam
572 2764 697 2849 pridem
715 2764 916 2848 retrahitque
935 2764 1041 2830 timor.
1079 2766 1255 2832 stabuntne
1274 2768 1334 2832 sub
1354 2767 1411 2832 illa

487 2871 571 2937 mole
595 2871 698 2936 umeri
721 2894 763 2935 an
784 2893 904 2958 magno
928 2871 1077 2937 uincetur
1100 2874 1243 2957 pondere
1265 2874 1397 2939 ceruix?

486 2977 550 3063 dic,
572 2978 737 3065 Marcelle,
759 2978 883 3043 feram?
920 2978 1038 3044 fluetus
1060 3001 1102 3045 an
1124 2983 1217 3045 sueta
1239 2980 1379 3046 minores

485 3108 580 3152 nosse
603 3085 683 3152 ratis
705 3084 849 3151 nondum
871 3084 973 3151 Ioniis
996 3085 1153 3152 credenda
1175 3087 1328 3172 periclis?
1557 3108 1609 3155 100

574 3194 702 3279 iamque
720 3193 793 3258 uale
812 3197 845 3258 et
863 3193 994 3279 penitus
1013 3194 1084 3259 noti
1102 3194 1165 3259 tibi
1184 3194 1270 3260 uatis
1288 3195 1445 3261 honorem

487 3302 582 3367 corde
605 3301 693 3366 exire
717 3305 799 3366 ueta
843 3322 903 3366 nec
926 3300 1013 3366 enim
1036 3301 1240 3389 Thynthius‚
1263 3301 1365 3366 almae

487 3413 602 3494 peetus
625 3407 800 3493 amicitiae,
825 3445 867 3456 -
891 3387 983 3473 cedet
1005 3407 1069 3473 tibi
1091 3408 1196 3495 gloria
1218 3408 1273 3473 fidi

487 3514 631 3580 Theseos
654 3519 687 3580 et
709 3515 850 3580 lacerum
875 3515 931 3600 qui
954 3514 1039 3581 cirea
1061 3515 1188 3581 moenia
1210 3516 1325 3582 Troiae

485 3621 670 3687 Priamiden
693 3644 785 3687 caeso
809 3621 928 3687 solacia
951 3621 1051 3687 traxit
1074 3623 1185 3689 amico.
1556 3642 1606 3690 105

363 3784 396 3833 76
415 3779 507 3850 gloria
526 3779 607 3850 feli13
632 3797 700 3836 corr.
720 3781 906 3836 Martloadas
932 3812 966 3821 —
996 3784 1028 3834 79
1047 3780 1168 3836 Vannius
1189 3781 1261 3850 (sici)
1284 3784 1366 3838 ctiam
1379 3781 1416 3835 Δ*
1442 3814 1476 3822 -
1504 3781 1606 3853 eriget3

272 3869 358 3940 erigit
371 3876 413 3923 Bo
441 3872 532 3940 egerit
549 3872 693 3926 Acontius
711 3902 745 3911 —
769 3876 803 3925 83
827 3872 901 3940 toto;
925 3888 993 3926 corr.
1014 3871 1131 3927 Vollmer
1162 3871 1224 3926 tota
1245 3873 1411 3945 Grasberqer
1434 3902 1468 3912 —
1492 3876 1526 3925 85
1550 3871 1607 3926 ista

272 3962 337 4014 tuos
356 3959 386 4013 in
404 3959 466 4014 fata
484 3961 575 4028 teate;
603 3962 653 4015 tuo
670 3959 728 4014 sint
745 3960 807 4014 fata
820 3958 934 4014 Theano
954 3958 1046 4031 (Teati
1060 3960 1202 4031 Imtossue)
1220 3962 1260 4018 cd.
1275 3962 1370 4019 Poma.
1402 3961 1458 4017 tibi
1472 3961 1529 4016 sint
1546 3962 1608 4016 fata

273 4047 359 4104 Teate
378 4049 568 4105 Marklaadus
587 4082 620 4091 -
642 4055 691 4103 101
712 4049 787 4103 uatis
807 4065 931 4104 amorem
946 4065 960 4102 ο
978 4081 1013 4089 -

363 4199 396 4247 76
420 4192 487 4248 Silu.
503 4193 527 4246 V
542 4200 565 4249 2.
582 4200 615 4247 27
649 4192 690 4248 sic
712 4196 741 4248 te
766 4192 842 4248 clare
864 4210 934 4263 puer
951 4192 1079 4263 genitum
1097 4192 1153 4248 sibi
1175 4193 1259 4249 Curia
1281 4193 1369 4249 sensit
1387 4194 1425 4249 IV
1439 4202 1464 4249 0.
1479 4201 1512 4250 41
1541 4194 1607 4250 hinc

272 4299 378 4354 paruus
397 4282 471 4337 inter
488 4282 609 4353 pignora
623 4281 723 4338 Curiae
741 4282 843 4337 crescis
858 4281 955 4338 Claud.
970 4282 1009 4336 VI
1028 4299 1101 4338 cons.
1117 4283 1187 4338 Hon.
1203 4289 1254 4338 661
1278 4283 1357 4338 cuius
1377 4283 1518 4338 cunabula
1535 4284 1610 4339 fouit

274 4372 410 4428 Curia-
431 4371 499 4427 Silu.
518 4372 617 4426 14.41
646 4371 730 4427 Curia
748 4371 816 4427 felix
835 4404 869 4412 -
894 4377 926 4426 ie
946 4371 1009 4426 San.
1027 4371 1131 4428 Phoen.
1152 4378 1203 4427 186
1222 4373 1327 4428 fractas
1348 4373 1474 4428 ...iras
1507 4373 1555 4430 Sil.
1574 4374 1608 4429 It.

88 4508 109 4527 ,,
134 4502 177 4537 -··>
273 4462 311 4517 IV
322 4467 374 4516 278
403 4460 488 4531 erigit
507 4461 563 4515 iras
587 4462 669 4516 Alan.
684 4462 792 4516 Planct.
808 4464 867 4516 nat.
878 4461 956 4516 Vlla
975 4463 1089 4533 (heyse
1098 4479 1128 4533 p.
1139 4464 1223 4533 1056)
1247 4495 1282 4504 -
1309 4469 1341 4518 el
1367 4464 1402 4531 cf.
1421 4464 1459 4519 od
1481 4462 1558 4518 1113.
1574 4469 1607 4516 21

162 4544 170 4589 ’·
274 4583 306 4592 -
326 4551 397 4606 Plin.
418 4550 553 4619 Paneg.9
582 4552 731 4606 credentne
746 4550 852 4622 posteri
871 4550 966 4606 Sidon
981 4551 1009 4607 C.
1024 4551 1095 4604 1124
1128 4553 1224 4606 credet
1240 4555 1360 4607 uentura
1378 4568 1504 4623 propago
1524 4554 1558 4619 cs.
1580 4552 1608 4607 C.

273 4642 391 4694 vilaro
417 4639 515 4694 Claud.
530 4640 561 4694 B.
577 4639 657 4695 Goth.
673 4648 724 4695 423
744 4674 778 4682 -
799 4646 848 4694 101
866 4640 966 4697 Catuli.
984 4647 1073 4698 1022
1098 4642 1210 4709 penitus
1228 4644 1296 4696 nota
1314 4640 1384 4696 fides
1403 4643 1438 4709 cf.
1458 4641 1523 4696 Hor.
1538 4641 1608 4712 Epp.

273 4731 336 4784 118.
345 4736 380 4784 80
388 4762 422 4771 -
434 4735 484 4784 103
494 4728 590 4784 Manil.
599 4729 625 4783 II
633 4736 684 4784 582
698 4730 770 4785 nihil
780 4733 883 4785 natura
893 4730 1001 4786 creauit
1013 4733 1127 4801 pectore
1138 4730 1280 4787 amicitiae
1293 4730 1386 4785 maius
1400 4731 1482 4785 Mart.
1493 4730 1531 4784 IX
1543 4736 1609 4786 112

274 4821 348 4875 fidae
367 4822 465 4890 pectus
485 4818 628 4875 amicitiae
646 4853 681 4861 —
